<?xml version="1.0" encoding="UTF-8"?>
<!DOCTYPE html PUBLIC "-//W3C//DTD XHTML 1.0 Transitional//EN"
    "http://www.w3.org/TR/xhtml1/DTD/xhtml1-transitional.dtd">
<html xmlns="http://www.w3.org/1999/xhtml" xml:lang="en" lang="en">
 <head>
  <title>
</title>
<meta http-equiv="Content-Type" content="text/html;charset=utf-8" />
  <meta name='ocr-system' content='tesseract 3.04.00' />
  <meta name='ocr-capabilities' content='ocr_page ocr_carea ocr_par ocr_line ocrx_word'/>
</head>
<body>
  <div class='ocr_page' id='page_1' title='image "./epistolamvulgoa01rtgoog_0170.png"; bbox 0 0 2872 4690; ppageno 0'>
   <div class='ocr_carea' id='block_1_1' title="bbox 641 260 713 324">
    <p class='ocr_par' dir='ltr' id='par_1_1' title="bbox 641 260 713 324">
     <span class='ocr_line' id='line_1_1' title="bbox 641 260 713 324; baseline -0.028 0"><span class='ocrx_word' id='word_1_1' title='bbox 641 260 713 324; x_wconf 75' lang='lat' dir='ltr'><strong>tst</strong></span> 
     </span>
    </p>
   </div>
   <div class='ocr_carea' id='block_1_2' title="bbox 58 431 1341 4104">
    <p class='ocr_par' dir='ltr' id='par_1_2' title="bbox 130 431 1192 772">
     <span class='ocr_line' id='line_1_2' title="bbox 130 431 1191 534; baseline 0.001 -22"><span class='ocrx_word' id='word_1_2' title='bbox 130 457 137 462; x_wconf 83' lang='grc'><strong>’</strong></span> <span class='ocrx_word' id='word_1_3' title='bbox 209 453 286 512; x_wconf 87' lang='lat' dir='ltr'><strong>tem</strong></span> <span class='ocrx_word' id='word_1_4' title='bbox 305 440 406 532; x_wconf 85' lang='lat' dir='ltr'><strong>[regni</strong></span> <span class='ocrx_word' id='word_1_5' title='bbox 424 433 592 532; x_wconf 81' lang='lat' dir='ltr'><strong>Messiani]</strong></span> <span class='ocrx_word' id='word_1_6' title='bbox 617 433 691 507; x_wconf 91' lang='lat' dir='ltr'><strong>nisi</strong></span> <span class='ocrx_word' id='word_1_7' title='bbox 707 431 924 534; x_wconf 89' lang='lat' dir='ltr'><strong>credimus),</strong></span> <span class='ocrx_word' id='word_1_8' title='bbox 949 437 1050 512; x_wconf 84' lang='lat' dir='ltr'><strong>sicut</strong></span> <span class='ocrx_word' id='word_1_9' title='bbox 1067 434 1109 512; x_wconf 86' lang='lat' dir='ltr'><strong>in</strong></span> <span class='ocrx_word' id='word_1_10' title='bbox 1126 465 1191 513; x_wconf 82' lang='lat' dir='ltr'><strong>ra-</strong></span> 
     </span>
     <span class='ocr_line' id='line_1_3' title="bbox 216 551 1192 662; baseline 0.004 -28"><span class='ocrx_word' id='word_1_11' title='bbox 216 560 349 634; x_wconf 91' lang='lat' dir='ltr'><strong>ticinio</strong></span> <span class='ocrx_word' id='word_1_12' title='bbox 366 559 433 634; x_wconf 91' lang='lat' dir='ltr'><strong>illo</strong></span> <span class='ocrx_word' id='word_1_13' title='bbox 451 551 592 642; x_wconf 71' lang='lat' dir='ltr'><strong>Deridi</strong></span> <span class='ocrx_word' id='word_1_14' title='bbox 609 556 769 644; x_wconf 89' lang='lat' dir='ltr'><strong>dicitur,</strong></span> <span class='ocrx_word' id='word_1_15' title='bbox 796 584 857 634; x_wconf 92' lang='lat' dir='ltr'><strong>eos</strong></span> <span class='ocrx_word' id='word_1_16' title='bbox 874 559 915 635; x_wconf 92' lang='lat' dir='ltr'><strong>in</strong></span> <span class='ocrx_word' id='word_1_17' title='bbox 930 560 1099 662; x_wconf 79' lang='lat' dir='ltr'><strong>quietem</strong></span> <span class='ocrx_word' id='word_1_18' title='bbox 1112 589 1192 638; x_wconf 85' lang='lat' dir='ltr'><strong>non</strong></span> 
     </span>
     <span class='ocr_line' id='line_1_4' title="bbox 207 685 1107 772; baseline 0.009 -14"><span class='ocrx_word' id='word_1_19' title='bbox 207 685 371 772; x_wconf 80' lang='lat' dir='ltr'><strong>iniisse,</strong></span> <span class='ocrx_word' id='word_1_20' title='bbox 816 755 818 760; x_wconf 95' lang='lat'><em>.</em></span> <span class='ocrx_word' id='word_1_21' title='bbox 1105 757 1107 766; x_wconf 64' lang='grc'>.</span> 
     </span>
    </p>

    <p class='ocr_par' dir='ltr' id='par_1_3' title="bbox 112 807 1300 1032">
     <span class='ocr_line' id='line_1_5' title="bbox 112 807 1300 910; baseline 0.009 -31"><span class='ocrx_word' id='word_1_22' title='bbox 112 870 118 879; x_wconf 93' lang='grc'>.</span> <span class='ocrx_word' id='word_1_23' title='bbox 205 835 260 896; x_wconf 87' lang='lat' dir='ltr'><strong>ac,</strong></span> <span class='ocrx_word' id='word_1_24' title='bbox 277 834 516 910; x_wconf 85' lang='lat' dir='ltr'><strong>quamquam</strong></span> <span class='ocrx_word' id='word_1_25' title='bbox 529 807 710 908; x_wconf 88' lang='lat' dir='ltr'>operibus</span> <span class='ocrx_word' id='word_1_26' title='bbox 731 809 805 882; x_wconf 90' lang='lat' dir='ltr'><strong>Dei</strong></span> <span class='ocrx_word' id='word_1_27' title='bbox 822 807 871 882; x_wconf 87' lang='lat' dir='ltr'><strong>ab</strong></span> <span class='ocrx_word' id='word_1_28' title='bbox 889 808 1062 883; x_wconf 87' lang='lat' dir='ltr'><strong>instituto</strong></span> <span class='ocrx_word' id='word_1_29' title='bbox 1077 837 1191 886; x_wconf 90' lang='lat' dir='ltr'><strong>mun·</strong></span> <span class='ocrx_word' id='word_1_30' title='bbox 1204 826 1300 908; x_wconf 72' lang='lat' dir='ltr'><strong>t‚3‚4.</strong></span> 
     </span>
     <span class='ocr_line' id='line_1_6' title="bbox 204 929 1128 1032; baseline -0.004 -26"><span class='ocrx_word' id='word_1_31' title='bbox 204 932 253 1006; x_wconf 91' lang='lat' dir='ltr'><strong>do</strong></span> <span class='ocrx_word' id='word_1_32' title='bbox 277 931 469 1029; x_wconf 72' lang='lat' dir='ltr'><strong>absolutis¹</strong></span> <span class='ocrx_word' id='word_1_33' title='bbox 484 945 523 1003; x_wconf 89' lang='lat' dir='ltr'><strong>et</strong></span> <span class='ocrx_word' id='word_1_34' title='bbox 545 933 668 1024; x_wconf 85' lang='lat' dir='ltr'><strong>quiete</strong></span> <span class='ocrx_word' id='word_1_35' title='bbox 682 931 871 1005; x_wconf 87' lang='lat' dir='ltr'><strong>existente</strong></span> <span class='ocrx_word' id='word_1_36' title='bbox 891 929 926 964; x_wconf 79' lang='lat'><strong>¹³⁵</strong></span> <span class='ocrx_word' id='word_1_37' title='bbox 956 935 1051 1030; x_wconf 85' lang='lat' dir='ltr'><strong>[Gen.</strong></span> <span class='ocrx_word' id='word_1_38' title='bbox 1068 934 1128 1032; x_wconf 73' lang='lat'><strong>2.],</strong></span> 
     </span>
    </p>

    <p class='ocr_par' dir='ltr' id='par_1_4' title="bbox 108 1052 1229 1280">
     <span class='ocr_line' id='line_1_7' title="bbox 108 1052 1229 1162; baseline 0.001 -30"><span class='ocrx_word' id='word_1_39' title='bbox 108 1130 110 1132; x_wconf 77' lang='grc'>,</span> <span class='ocrx_word' id='word_1_40' title='bbox 204 1071 332 1162; x_wconf 82' lang='lat' dir='ltr'><strong>tamen</strong></span> <span class='ocrx_word' id='word_1_41' title='bbox 347 1084 369 1128; x_wconf 88' lang='lat' dir='ltr'>a</span> <span class='ocrx_word' id='word_1_42' title='bbox 382 1052 461 1157; x_wconf 84' lang='lat' dir='ltr'><strong>jam</strong></span> <span class='ocrx_word' id='word_1_43' title='bbox 474 1069 607 1156; x_wconf 85' lang='lat' dir='ltr'><strong>parata</strong></span> <span class='ocrx_word' id='word_1_44' title='bbox 622 1053 752 1154; x_wconf 86' lang='lat' dir='ltr'><strong>quiete</strong></span> <span class='ocrx_word' id='word_1_45' title='bbox 767 1080 829 1128; x_wconf 88' lang='lat' dir='ltr'><strong>eos</strong></span> <span class='ocrx_word' id='word_1_46' title='bbox 845 1053 1014 1133; x_wconf 84' lang='lat' dir='ltr'><strong>exclusos</strong></span> <span class='ocrx_word' id='word_1_47' title='bbox 1029 1081 1117 1144; x_wconf 89' lang='lat' dir='ltr'><strong>esse,</strong></span> <span class='ocrx_word' id='word_1_48' title='bbox 1143 1082 1189 1131; x_wconf 85' lang='lat' dir='ltr'><strong>ex</strong></span> <span class='ocrx_word' id='word_1_49' title='bbox 1203 1083 1229 1138; x_wconf 83' lang='lat'><strong>5.</strong></span> 
     </span>
     <span class='ocr_line' id='line_1_8' title="bbox 202 1167 993 1280; baseline -0.005 -30"><span class='ocrx_word' id='word_1_50' title='bbox 202 1167 381 1252; x_wconf 77' lang='lat' dir='ltr'><strong>illosacr.</strong></span> <span class='ocrx_word' id='word_1_51' title='bbox 402 1177 529 1280; x_wconf 83' lang='lat' dir='ltr'><strong>script.</strong></span> <span class='ocrx_word' id='word_1_52' title='bbox 552 1177 636 1251; x_wconf 88' lang='lat' dir='ltr'><strong>loco</strong></span> <span class='ocrx_word' id='word_1_53' title='bbox 659 1177 840 1253; x_wconf 88' lang='lat' dir='ltr'><strong>videmus.</strong></span> <span class='ocrx_word' id='word_1_54' title='bbox 873 1180 895 1266; x_wconf 74' lang='lat' dir='ltr'><em>j</em></span> <span class='ocrx_word' id='word_1_55' title='bbox 979 1227 993 1246; x_wconf 74' lang='grc'>.</span> 
     </span>
    </p>

    <p class='ocr_par' dir='ltr' id='par_1_5' title="bbox 58 1290 1341 1659">
     <span class='ocr_line' id='line_1_9' title="bbox 58 1290 1227 1402; baseline 0 -27"><span class='ocrx_word' id='word_1_56' title='bbox 58 1356 63 1365; x_wconf 28' lang='grc' dir='ltr'><strong>κ</strong></span> <span class='ocrx_word' id='word_1_57' title='bbox 179 1290 182 1294; x_wconf 25' lang='lat'><strong>⁴</strong></span> <span class='ocrx_word' id='word_1_58' title='bbox 198 1300 398 1396; x_wconf 86' lang='lat' dir='ltr'><strong>Quoniam</strong></span> <span class='ocrx_word' id='word_1_59' title='bbox 413 1307 516 1402; x_wconf 63' lang='lat' dir='ltr'><strong>ergit,</strong></span> <span class='ocrx_word' id='word_1_60' title='bbox 544 1302 669 1399; x_wconf 88' lang='lat' dir='ltr'><strong>[utendi</strong></span> <span class='ocrx_word' id='word_1_61' title='bbox 686 1331 779 1373; x_wconf 78' lang='lat' dir='ltr'><strong>causa</strong></span> <span class='ocrx_word' id='word_1_62' title='bbox 798 1308 906 1400; x_wconf 86' lang='lat' dir='ltr'><strong>quiete</strong></span> <span class='ocrx_word' id='word_1_63' title='bbox 923 1303 1047 1400; x_wconf 80' lang='lat' dir='ltr'><strong>parata]</strong></span> <span class='ocrx_word' id='word_1_64' title='bbox 1068 1304 1189 1376; x_wconf 81' lang='lat' dir='ltr'><strong>relin-</strong></span> <span class='ocrx_word' id='word_1_65' title='bbox 1202 1329 1227 1384; x_wconf 76' lang='lat' dir='ltr'><strong>e,</strong></span> 
     </span>
     <span class='ocr_line' id='line_1_10' title="bbox 201 1411 1341 1524; baseline 0.004 -28"><span class='ocrx_word' id='word_1_66' title='bbox 201 1427 350 1521; x_wconf 81' lang='lat' dir='ltr'><strong>quitur,</strong></span> <span class='ocrx_word' id='word_1_67' title='bbox 385 1441 431 1518; x_wconf 91' lang='lat' dir='ltr'><strong>ut</strong></span> <span class='ocrx_word' id='word_1_68' title='bbox 461 1425 534 1496; x_wconf 84' lang='lat' dir='ltr'><strong>alii</strong></span> <span class='ocrx_word' id='word_1_69' title='bbox 566 1426 765 1496; x_wconf 80' lang='lat' dir='ltr'><strong>introeant</strong></span> <span class='ocrx_word' id='word_1_70' title='bbox 799 1430 840 1497; x_wconf 83' lang='lat' dir='ltr'><strong>in</strong></span> <span class='ocrx_word' id='word_1_71' title='bbox 869 1429 978 1508; x_wconf 80' lang='lat' dir='ltr'><strong>ittam</strong></span> <span class='ocrx_word' id='word_1_72' title='bbox 1013 1429 1186 1524; x_wconf 85' lang='lat' dir='ltr'><strong>quietem,</strong></span> <span class='ocrx_word' id='word_1_73' title='bbox 1282 1461 1284 1467; x_wconf 53' lang='lat'><strong>⁴</strong></span> <span class='ocrx_word' id='word_1_74' title='bbox 1336 1411 1341 1428; x_wconf 50' lang='lat'><em>¹</em></span> 
     </span>
     <span class='ocr_line' id='line_1_11' title="bbox 201 1537 1186 1659; baseline 0.006 -37"><span class='ocrx_word' id='word_1_75' title='bbox 201 1552 325 1648; x_wconf 88' lang='lat' dir='ltr'><strong>quum</strong></span> <span class='ocrx_word' id='word_1_76' title='bbox 340 1547 377 1635; x_wconf 92' lang='lat' dir='ltr'><strong>ii,</strong></span> <span class='ocrx_word' id='word_1_77' title='bbox 404 1548 546 1649; x_wconf 89' lang='lat' dir='ltr'><strong>quibus</strong></span> <span class='ocrx_word' id='word_1_78' title='bbox 560 1548 694 1650; x_wconf 89' lang='lat' dir='ltr'><strong>primis</strong></span> <span class='ocrx_word' id='word_1_79' title='bbox 708 1551 905 1659; x_wconf 84' lang='lat' dir='ltr'><strong>promissio</strong></span> <span class='ocrx_word' id='word_1_80' title='bbox 919 1537 1001 1653; x_wconf 86' lang='lat' dir='ltr'><strong>ejus</strong></span> <span class='ocrx_word' id='word_1_81' title='bbox 1018 1551 1186 1654; x_wconf 80' lang='lat' dir='ltr'><strong>contigit,</strong></span> 
     </span>
    </p>

    <p class='ocr_par' dir='ltr' id='par_1_6' title="bbox 188 1670 1070 1762">
     <span class='ocr_line' id='line_1_12' title="bbox 188 1670 1070 1762; baseline 0.005 -18"><span class='ocrx_word' id='word_1_82' title='bbox 188 1673 251 1744; x_wconf 78' lang='lat' dir='ltr'><strong>&#39;oh</strong></span> <span class='ocrx_word' id='word_1_83' title='bbox 272 1670 598 1757; x_wconf 81' lang='lat' dir='ltr'><strong>incredulitatem,</strong></span> <span class='ocrx_word' id='word_1_84' title='bbox 625 1673 667 1745; x_wconf 90' lang='lat' dir='ltr'><strong>in</strong></span> <span class='ocrx_word' id='word_1_85' title='bbox 689 1699 773 1748; x_wconf 86' lang='lat' dir='ltr'><strong>eam</strong></span> <span class='ocrx_word' id='word_1_86' title='bbox 790 1699 872 1748; x_wconf 88' lang='lat' dir='ltr'><strong>non</strong></span> <span class='ocrx_word' id='word_1_87' title='bbox 893 1671 1070 1762; x_wconf 82' lang='lat' dir='ltr'><strong>inierint,</strong></span> 
     </span>
    </p>

    <p class='ocr_par' dir='ltr' id='par_1_7' title="bbox 200 1794 1225 1898">
     <span class='ocr_line' id='line_1_13' title="bbox 200 1794 1225 1898; baseline 0.002 -30"><span class='ocrx_word' id='word_1_88' title='bbox 200 1795 306 1869; x_wconf 90' lang='lat' dir='ltr'><strong>Deus</strong></span> <span class='ocrx_word' id='word_1_89' title='bbox 328 1821 398 1898; x_wconf 89' lang='lat' dir='ltr'><strong>per</strong></span> <span class='ocrx_word' id='word_1_90' title='bbox 413 1795 512 1869; x_wconf 91' lang='lat' dir='ltr'><strong>illud</strong></span> <span class='ocrx_word' id='word_1_91' title='bbox 523 1794 664 1869; x_wconf 87' lang='lat' dir='ltr'><strong>Davidi</strong></span> <span class='ocrx_word' id='word_1_92' title='bbox 678 1796 923 1882; x_wconf 85' lang='lat' dir='ltr'><strong>vaticinium,</strong></span> <span class='ocrx_word' id='word_1_93' title='bbox 950 1799 1069 1870; x_wconf 85' lang='lat' dir='ltr'><strong>alium</strong></span> <span class='ocrx_word' id='word_1_94' title='bbox 1085 1799 1186 1870; x_wconf 84' lang='lat' dir='ltr'><strong>diem</strong></span> <span class='ocrx_word' id='word_1_95' title='bbox 1199 1829 1225 1880; x_wconf 80' lang='lat'><strong>7.</strong></span> 
     </span>
    </p>

    <p class='ocr_par' dir='ltr' id='par_1_8' title="bbox 210 1918 986 2029">
     <span class='ocr_line' id='line_1_14' title="bbox 210 1918 986 2029; baseline 0.005 -39"><span class='ocrx_word' id='word_1_96' title='bbox 210 1919 330 2016; x_wconf 86' lang='lat' dir='ltr'><strong>[nobis]</strong></span> <span class='ocrx_word' id='word_1_97' title='bbox 350 1919 562 2029; x_wconf 82' lang='lat' dir='ltr'><strong>constituit,</strong></span> <span class='ocrx_word' id='word_1_98' title='bbox 588 1918 639 1993; x_wconf 88' lang='lat' dir='ltr'><strong>ad</strong></span> <span class='ocrx_word' id='word_1_99' title='bbox 660 1944 745 1994; x_wconf 87' lang='lat' dir='ltr'><strong>eam</strong></span> <span class='ocrx_word' id='word_1_100' title='bbox 764 1919 986 2007; x_wconf 88' lang='lat' dir='ltr'><strong>ineundam,</strong></span> 
     </span>
    </p>

    <p class='ocr_par' dir='ltr' id='par_1_9' title="bbox 244 2042 1224 2152">
     <span class='ocr_line' id='line_1_15' title="bbox 244 2042 1224 2152; baseline 0.003 -36"><span class='ocrx_word' id='word_1_101' title='bbox 244 2042 370 2143; x_wconf 77' lang='lat' dir='ltr'><strong>(quod</strong></span> <span class='ocrx_word' id='word_1_102' title='bbox 406 2042 509 2116; x_wconf 91' lang='lat' dir='ltr'><strong>idem</strong></span> <span class='ocrx_word' id='word_1_103' title='bbox 541 2042 696 2145; x_wconf 85' lang='lat' dir='ltr'><strong>probat,</strong></span> <span class='ocrx_word' id='word_1_104' title='bbox 739 2044 926 2152; x_wconf 75' lang='lat' dir='ltr'><strong>Israelitns</strong></span> <span class='ocrx_word' id='word_1_105' title='bbox 963 2043 1036 2118; x_wconf 90' lang='lat' dir='ltr'><strong>sub</strong></span> <span class='ocrx_word' id='word_1_106' title='bbox 1066 2043 1224 2128; x_wconf 74' lang='lat' dir='ltr'><strong>Josuas.</strong></span> 
     </span>
    </p>

    <p class='ocr_par' dir='ltr' id='par_1_10' title="bbox 152 2199 1204 2238">
     <span class='ocr_line' id='line_1_16' title="bbox 152 2199 1204 2238; baseline 0.013 -22"><span class='ocrx_word' id='word_1_107' title='bbox 152 2199 1204 2238; x_wconf 46' lang='grc' dir='ltr'><strong>--,--.-..--.,.......-...-μ</strong></span> 
     </span>
    </p>

    <p class='ocr_par' dir='ltr' id='par_1_11' title="bbox 148 2292 1287 2611">
     <span class='ocr_line' id='line_1_17' title="bbox 208 2292 1287 2387; baseline 0.004 -23"><span class='ocrx_word' id='word_1_108' title='bbox 208 2301 242 2336; x_wconf 79' lang='lat'><strong>¹³⁵</strong></span> <span class='ocrx_word' id='word_1_109' title='bbox 264 2305 295 2364; x_wconf 90' lang='lat' dir='ltr'><strong>Si</strong></span> <span class='ocrx_word' id='word_1_110' title='bbox 311 2315 480 2385; x_wconf 83' lang='lat' dir='ltr'><strong>reputamus</strong></span> <span class='ocrx_word' id='word_1_111' title='bbox 496 2303 553 2364; x_wconf 88' lang='lat' dir='ltr'><strong>sub</strong></span> <span class='ocrx_word' id='word_1_112' title='bbox 573 2305 664 2366; x_wconf 78' lang='lat' dir='ltr'><strong>verbo</strong></span> <span class='ocrx_word' id='word_1_113' title='bbox 683 2305 789 2387; x_wconf 82' lang='lat' dir='ltr'><strong>quietis</strong></span> <span class='ocrx_word' id='word_1_114' title='bbox 804 2303 864 2365; x_wconf 94' lang='lat' dir='ltr'><strong>hoc</strong></span> <span class='ocrx_word' id='word_1_115' title='bbox 882 2304 950 2366; x_wconf 93' lang='lat' dir='ltr'><strong>loco</strong></span> <span class='ocrx_word' id='word_1_116' title='bbox 965 2327 1089 2387; x_wconf 79' lang='lat' dir='ltr'><strong>regnum</strong></span> <span class='ocrx_word' id='word_1_117' title='bbox 1103 2309 1185 2368; x_wconf 89' lang='lat' dir='ltr'><strong>Mes·</strong></span> <span class='ocrx_word' id='word_1_118' title='bbox 1285 2292 1287 2297; x_wconf 33' lang='lat'><em>&#39;</em></span> 
     </span>
     <span class='ocr_line' id='line_1_18' title="bbox 149 2400 1184 2496; baseline 0.002 -24"><span class='ocrx_word' id='word_1_119' title='bbox 149 2400 262 2472; x_wconf 82' lang='lat' dir='ltr'><strong>sianum</strong></span> <span class='ocrx_word' id='word_1_120' title='bbox 278 2410 457 2491; x_wconf 72' lang='lat' dir='ltr'><strong>&#39;subintelligi</strong></span> <span class='ocrx_word' id='word_1_121' title='bbox 472 2409 580 2472; x_wconf 89' lang='lat' dir='ltr'><strong>debere</strong></span> <span class='ocrx_word' id='word_1_122' title='bbox 595 2459 603 2491; x_wconf 90' lang='lat'><strong>,</strong></span> <span class='ocrx_word' id='word_1_123' title='bbox 620 2435 679 2472; x_wconf 91' lang='lat' dir='ltr'><strong>non</strong></span> <span class='ocrx_word' id='word_1_124' title='bbox 696 2415 793 2474; x_wconf 80' lang='lat' dir='ltr'><strong>statim</strong></span> <span class='ocrx_word' id='word_1_125' title='bbox 809 2411 894 2472; x_wconf 92' lang='lat' dir='ltr'><strong>nohis</strong></span> <span class='ocrx_word' id='word_1_126' title='bbox 910 2425 1008 2494; x_wconf 88' lang='lat' dir='ltr'><strong>patet,</strong></span> <span class='ocrx_word' id='word_1_127' title='bbox 1030 2412 1184 2496; x_wconf 87' lang='lat' dir='ltr'><strong>quomodo</strong></span> 
     </span>
     <span class='ocr_line' id='line_1_19' title="bbox 148 2499 1185 2611; baseline 0.002 -32"><span class='ocrx_word' id='word_1_128' title='bbox 148 2522 291 2600; x_wconf 83' lang='lat' dir='ltr'><strong>scriptor,</strong></span> <span class='ocrx_word' id='word_1_129' title='bbox 313 2531 347 2578; x_wconf 92' lang='lat' dir='ltr'><strong>ut</strong></span> <span class='ocrx_word' id='word_1_130' title='bbox 364 2516 544 2580; x_wconf 86' lang='lat' dir='ltr'><strong>demonstret</strong></span> <span class='ocrx_word' id='word_1_131' title='bbox 549 2565 560 2611; x_wconf 78' lang='lat'><em>7</em></span> <span class='ocrx_word' id='word_1_132' title='bbox 580 2519 659 2579; x_wconf 81' lang='lat' dir='ltr'><strong>illam</strong></span> <span class='ocrx_word' id='word_1_133' title='bbox 676 2499 812 2600; x_wconf 83' lang='lat' dir='ltr'><strong>quietem,</strong></span> <span class='ocrx_word' id='word_1_134' title='bbox 839 2521 857 2578; x_wconf 92' lang='lat' dir='ltr'><strong>i.</strong></span> <span class='ocrx_word' id='word_1_135' title='bbox 875 2541 899 2579; x_wconf 91' lang='lat' dir='ltr'><strong>e.</strong></span> <span class='ocrx_word' id='word_1_136' title='bbox 919 2541 1043 2600; x_wconf 82' lang='lat' dir='ltr'><strong>regnum</strong></span> <span class='ocrx_word' id='word_1_137' title='bbox 1061 2523 1185 2596; x_wconf 72' lang='lat' dir='ltr'><strong>Messia-</strong></span> 
     </span>
    </p>

    <p class='ocr_par' dir='ltr' id='par_1_12' title="bbox 121 2611 1183 2708">
     <span class='ocr_line' id='line_1_20' title="bbox 121 2611 1183 2708; baseline 0 -19"><span class='ocrx_word' id='word_1_138' title='bbox 121 2611 123 2619; x_wconf 18' lang='lat' dir='ltr'><em>s</em></span> <span class='ocrx_word' id='word_1_139' title='bbox 145 2647 232 2705; x_wconf 84' lang='lat' dir='ltr'><strong>num,</strong></span> <span class='ocrx_word' id='word_1_140' title='bbox 249 2628 312 2705; x_wconf 85' lang='lat' dir='ltr'><strong>jam</strong></span> <span class='ocrx_word' id='word_1_141' title='bbox 331 2624 399 2686; x_wconf 90' lang='lat' dir='ltr'><strong>inde</strong></span> <span class='ocrx_word' id='word_1_142' title='bbox 416 2648 434 2686; x_wconf 88' lang='lat' dir='ltr'>a</span> <span class='ocrx_word' id='word_1_143' title='bbox 453 2624 566 2688; x_wconf 90' lang='lat' dir='ltr'><strong>mundo</strong></span> <span class='ocrx_word' id='word_1_144' title='bbox 588 2624 708 2688; x_wconf 84' lang='lat' dir='ltr'><strong>condito</strong></span> <span class='ocrx_word' id='word_1_145' title='bbox 729 2629 785 2708; x_wconf 89' lang='lat' dir='ltr'><strong>piis</strong></span> <span class='ocrx_word' id='word_1_146' title='bbox 804 2639 938 2706; x_wconf 85' lang='lat' dir='ltr'><strong>paratam</strong></span> <span class='ocrx_word' id='word_1_147' title='bbox 954 2648 989 2687; x_wconf 90' lang='lat' dir='ltr'><strong>ac</strong></span> <span class='ocrx_word' id='word_1_148' title='bbox 1005 2630 1183 2690; x_wconf 69' lang='lat' dir='ltr'><strong>reservstam</strong></span> 
     </span>
    </p>

    <p class='ocr_par' dir='ltr' id='par_1_13' title="bbox 138 2732 1282 3888">
     <span class='ocr_line' id='line_1_21' title="bbox 143 2732 1181 2814; baseline 0.006 -23"><span class='ocrx_word' id='word_1_149' title='bbox 143 2733 251 2810; x_wconf 85' lang='lat' dir='ltr'><strong>fuisse,</strong></span> <span class='ocrx_word' id='word_1_150' title='bbox 278 2736 320 2792; x_wconf 89' lang='lat' dir='ltr'><strong>uti</strong></span> <span class='ocrx_word' id='word_1_151' title='bbox 339 2736 434 2814; x_wconf 87' lang='lat' dir='ltr'><strong>possit</strong></span> <span class='ocrx_word' id='word_1_152' title='bbox 459 2733 527 2794; x_wconf 91' lang='lat' dir='ltr'><strong>loco</strong></span> <span class='ocrx_word' id='word_1_153' title='bbox 548 2735 629 2812; x_wconf 89' lang='lat' dir='ltr'><strong>(Gen.</strong></span> <span class='ocrx_word' id='word_1_154' title='bbox 645 2733 683 2812; x_wconf 70' lang='lat'><strong>2,</strong></span> <span class='ocrx_word' id='word_1_155' title='bbox 706 2736 757 2811; x_wconf 79' lang='grc'>2.),</span> <span class='ocrx_word' id='word_1_156' title='bbox 779 2735 830 2814; x_wconf 89' lang='lat' dir='ltr'><strong>qui</strong></span> <span class='ocrx_word' id='word_1_157' title='bbox 851 2732 890 2795; x_wconf 89' lang='lat' dir='ltr'><strong>de</strong></span> <span class='ocrx_word' id='word_1_158' title='bbox 910 2736 1039 2795; x_wconf 83' lang='lat' dir='ltr'><strong>instituto</strong></span> <span class='ocrx_word' id='word_1_159' title='bbox 1058 2733 1181 2796; x_wconf 81' lang='lat' dir='ltr'><strong>sabbato</strong></span> 
     </span>
     <span class='ocr_line' id='line_1_22' title="bbox 146 2831 1181 2924; baseline 0.004 -24"><span class='ocrx_word' id='word_1_160' title='bbox 146 2843 212 2921; x_wconf 81' lang='lat' dir='ltr'><strong>ogit.</strong></span> <span class='ocrx_word' id='word_1_161' title='bbox 254 2838 314 2900; x_wconf 86' lang='lat' dir='ltr'><strong>Sed</strong></span> <span class='ocrx_word' id='word_1_162' title='bbox 324 2861 470 2901; x_wconf 86' lang='lat' dir='ltr'><strong>memores</strong></span> <span class='ocrx_word' id='word_1_163' title='bbox 485 2861 549 2903; x_wconf 90' lang='lat' dir='ltr'><strong>esse</strong></span> <span class='ocrx_word' id='word_1_164' title='bbox 566 2839 724 2920; x_wconf 88' lang='lat' dir='ltr'><strong>debemus,</strong></span> <span class='ocrx_word' id='word_1_165' title='bbox 740 2839 868 2902; x_wconf 84' lang='lat' dir='ltr'><strong>Judaeos</strong></span> <span class='ocrx_word' id='word_1_166' title='bbox 883 2841 964 2901; x_wconf 90' lang='lat' dir='ltr'><strong>libris</strong></span> <span class='ocrx_word' id='word_1_167' title='bbox 982 2831 1073 2902; x_wconf 86' lang='lat' dir='ltr'><strong>sacris</strong></span> <span class='ocrx_word' id='word_1_168' title='bbox 1091 2854 1181 2924; x_wconf 79' lang='lat' dir='ltr'><strong>prae-</strong></span> 
     </span>
     <span class='ocr_line' id='line_1_23' title="bbox 144 2947 1181 3028; baseline 0.006 -22"><span class='ocrx_word' id='word_1_169' title='bbox 144 2959 189 3008; x_wconf 90' lang='lat' dir='ltr'><strong>ter</strong></span> <span class='ocrx_word' id='word_1_170' title='bbox 205 2947 367 3028; x_wconf 87' lang='lat' dir='ltr'><strong>simplicem</strong></span> <span class='ocrx_word' id='word_1_171' title='bbox 388 2959 416 3008; x_wconf 92' lang='lat' dir='ltr'><strong>et</strong></span> <span class='ocrx_word' id='word_1_172' title='bbox 435 2947 588 3028; x_wconf 78' lang='lat' dir='ltr'><strong>vulgarem</strong></span> <span class='ocrx_word' id='word_1_173' title='bbox 607 2948 767 3009; x_wconf 84' lang='lat' dir='ltr'><strong>verborum</strong></span> <span class='ocrx_word' id='word_1_174' title='bbox 787 2951 867 3026; x_wconf 84' lang='lat' dir='ltr'><strong>vim,</strong></span> <span class='ocrx_word' id='word_1_175' title='bbox 887 2952 976 3008; x_wconf 89' lang='lat' dir='ltr'><strong>etiam</strong></span> <span class='ocrx_word' id='word_1_176' title='bbox 997 2949 1131 3010; x_wconf 83' lang='lat' dir='ltr'><strong>altiorem</strong></span> <span class='ocrx_word' id='word_1_177' title='bbox 1151 2959 1181 3012; x_wconf 83' lang='lat' dir='ltr'><strong>et</strong></span> 
     </span>
     <span class='ocr_line' id='line_1_24' title="bbox 147 3053 1181 3138; baseline 0.004 -24"><span class='ocrx_word' id='word_1_178' title='bbox 147 3074 287 3114; x_wconf 83' lang='lat' dir='ltr'><strong>arcanum</strong></span> <span class='ocrx_word' id='word_1_179' title='bbox 297 3053 431 3114; x_wconf 81' lang='lat' dir='ltr'><strong>tribuisse</strong></span> <span class='ocrx_word' id='word_1_180' title='bbox 443 3075 570 3133; x_wconf 86' lang='lat' dir='ltr'><strong>sensum,</strong></span> <span class='ocrx_word' id='word_1_181' title='bbox 582 3057 665 3116; x_wconf 84' lang='lat' dir='ltr'><strong>itaut</strong></span> <span class='ocrx_word' id='word_1_182' title='bbox 678 3058 728 3114; x_wconf 90' lang='lat' dir='ltr'><strong>uni</strong></span> <span class='ocrx_word' id='word_1_183' title='bbox 738 3053 891 3136; x_wconf 86' lang='lat' dir='ltr'><strong>eidemque</strong></span> <span class='ocrx_word' id='word_1_184' title='bbox 901 3059 1057 3117; x_wconf 87' lang='lat' dir='ltr'><strong>sententiae</strong></span> <span class='ocrx_word' id='word_1_185' title='bbox 1065 3069 1181 3138; x_wconf 84' lang='lat' dir='ltr'><strong>praeter</strong></span> 
     </span>
     <span class='ocr_line' id='line_1_25' title="bbox 147 3161 1181 3248; baseline 0.005 -27"><span class='ocrx_word' id='word_1_186' title='bbox 147 3161 311 3242; x_wconf 86' lang='lat' dir='ltr'><strong>simplicem</strong></span> <span class='ocrx_word' id='word_1_187' title='bbox 329 3161 565 3247; x_wconf 84' lang='lat' dir='ltr'><strong>significationem</strong></span> <span class='ocrx_word' id='word_1_188' title='bbox 583 3165 670 3222; x_wconf 81' lang='lat' dir='ltr'><strong>etiam</strong></span> <span class='ocrx_word' id='word_1_189' title='bbox 690 3162 789 3243; x_wconf 90' lang='lat' dir='ltr'><strong>plures</strong></span> <span class='ocrx_word' id='word_1_190' title='bbox 808 3161 928 3223; x_wconf 84' lang='lat' dir='ltr'><strong>altiores</strong></span> <span class='ocrx_word' id='word_1_191' title='bbox 946 3165 1038 3248; x_wconf 85' lang='lat' dir='ltr'><strong>inesse</strong></span> <span class='ocrx_word' id='word_1_192' title='bbox 1053 3177 1181 3245; x_wconf 84' lang='lat' dir='ltr'><strong>possent</strong></span> 
     </span>
     <span class='ocr_line' id='line_1_26' title="bbox 141 3267 1282 3354; baseline 0.004 -26"><span class='ocrx_word' id='word_1_193' title='bbox 141 3269 185 3329; x_wconf 85' lang='lat' dir='ltr'><strong>Ita</strong></span> <span class='ocrx_word' id='word_1_194' title='bbox 201 3271 329 3354; x_wconf 89' lang='lat' dir='ltr'><strong>scriptor</strong></span> <span class='ocrx_word' id='word_1_195' title='bbox 343 3267 432 3344; x_wconf 91' lang='lat' dir='ltr'><strong>loco,</strong></span> <span class='ocrx_word' id='word_1_196' title='bbox 452 3271 504 3349; x_wconf 87' lang='lat' dir='ltr'><strong>qui</strong></span> <span class='ocrx_word' id='word_1_197' title='bbox 518 3267 556 3329; x_wconf 80' lang='lat' dir='ltr'><strong>tle</strong></span> <span class='ocrx_word' id='word_1_198' title='bbox 568 3272 698 3330; x_wconf 86' lang='lat' dir='ltr'><strong>instituto</strong></span> <span class='ocrx_word' id='word_1_199' title='bbox 712 3268 835 3330; x_wconf 84' lang='lat' dir='ltr'><strong>sabbato</strong></span> <span class='ocrx_word' id='word_1_200' title='bbox 853 3273 927 3350; x_wconf 78' lang='lat' dir='ltr'><strong>agit,</strong></span> <span class='ocrx_word' id='word_1_201' title='bbox 949 3273 1035 3330; x_wconf 82' lang='lat' dir='ltr'><strong>etiam</strong></span> <span class='ocrx_word' id='word_1_202' title='bbox 1048 3273 1176 3332; x_wconf 85' lang='lat' dir='ltr'><strong>mentio-</strong></span> <span class='ocrx_word' id='word_1_203' title='bbox 1280 3320 1282 3326; x_wconf 58' lang='grc'>,</span> 
     </span>
     <span class='ocr_line' id='line_1_27' title="bbox 141 3371 1175 3458; baseline 0.005 -24"><span class='ocrx_word' id='word_1_204' title='bbox 141 3395 209 3435; x_wconf 88' lang='lat' dir='ltr'><strong>nem</strong></span> <span class='ocrx_word' id='word_1_205' title='bbox 232 3371 344 3434; x_wconf 88' lang='lat' dir='ltr'><strong>conditi</strong></span> <span class='ocrx_word' id='word_1_206' title='bbox 367 3386 395 3434; x_wconf 91' lang='lat' dir='ltr'><strong>et</strong></span> <span class='ocrx_word' id='word_1_207' title='bbox 423 3377 477 3454; x_wconf 90' lang='lat' dir='ltr'><strong>piis</strong></span> <span class='ocrx_word' id='word_1_208' title='bbox 508 3379 602 3456; x_wconf 84' lang='lat' dir='ltr'><strong>parati</strong></span> <span class='ocrx_word' id='word_1_209' title='bbox 616 3379 707 3456; x_wconf 80' lang='lat' dir='ltr'><strong>regni</strong></span> <span class='ocrx_word' id='word_1_210' title='bbox 734 3379 870 3438; x_wconf 87' lang='lat' dir='ltr'><strong>Messiani</strong></span> <span class='ocrx_word' id='word_1_211' title='bbox 901 3375 1045 3457; x_wconf 87' lang='lat' dir='ltr'><strong>subjicere</strong></span> <span class='ocrx_word' id='word_1_212' title='bbox 1072 3381 1175 3458; x_wconf 86' lang='lat' dir='ltr'><strong>potuit.</strong></span> 
     </span>
     <span class='ocr_line' id='line_1_28' title="bbox 140 3479 1174 3564; baseline 0.007 -23"><span class='ocrx_word' id='word_1_213' title='bbox 140 3481 239 3563; x_wconf 83' lang='lat' dir='ltr'><strong>Atque</strong></span> <span class='ocrx_word' id='word_1_214' title='bbox 252 3503 345 3562; x_wconf 90' lang='lat' dir='ltr'><strong>quum</strong></span> <span class='ocrx_word' id='word_1_215' title='bbox 358 3479 418 3551; x_wconf 84' lang='lat' dir='ltr'><strong>hoc</strong></span> <span class='ocrx_word' id='word_1_216' title='bbox 434 3481 502 3542; x_wconf 92' lang='lat' dir='ltr'><strong>loco</strong></span> <span class='ocrx_word' id='word_1_217' title='bbox 520 3503 612 3564; x_wconf 72' lang='lat' dir='ltr'><strong>neque</strong></span> <span class='ocrx_word' id='word_1_218' title='bbox 626 3495 712 3564; x_wconf 86' lang='lat' dir='ltr'><strong>atque</strong></span> <span class='ocrx_word' id='word_1_219' title='bbox 724 3483 774 3544; x_wconf 94' lang='lat' dir='ltr'><strong>illo</strong></span> <span class='ocrx_word' id='word_1_220' title='bbox 787 3485 843 3562; x_wconf 78' lang='lat' dir='ltr'><strong>(Ps.</strong></span> <span class='ocrx_word' id='word_1_221' title='bbox 852 3483 903 3558; x_wconf 74' lang='lat'><strong>95,</strong></span> <span class='ocrx_word' id='word_1_222' title='bbox 917 3487 971 3558; x_wconf 88' lang='lat'>11.)</span> <span class='ocrx_word' id='word_1_223' title='bbox 984 3488 1081 3564; x_wconf 79' lang='lat' dir='ltr'><strong>graeci</strong></span> <span class='ocrx_word' id='word_1_224' title='bbox 1088 3486 1174 3548; x_wconf 85' lang='lat' dir='ltr'><strong>LXX</strong></span> 
     </span>
     <span class='ocr_line' id='line_1_29' title="bbox 138 3573 1173 3674; baseline 0.011 -26"><span class='ocrx_word' id='word_1_225' title='bbox 138 3573 309 3670; x_wconf 81' lang='lat' dir='ltr'><strong>interpretes</strong></span> <span class='ocrx_word' id='word_1_226' title='bbox 327 3610 401 3649; x_wconf 88' lang='lat' dir='ltr'><strong>sacr.</strong></span> <span class='ocrx_word' id='word_1_227' title='bbox 421 3588 565 3664; x_wconf 81' lang='lat' dir='ltr'><strong>librorum</strong></span> <span class='ocrx_word' id='word_1_228' title='bbox 579 3612 638 3651; x_wconf 93' lang='lat' dir='ltr'><strong>uno</strong></span> <span class='ocrx_word' id='word_1_229' title='bbox 653 3589 817 3673; x_wconf 88' lang='lat' dir='ltr'><strong>eodemque</strong></span> <span class='ocrx_word' id='word_1_230' title='bbox 835 3603 953 3674; x_wconf 87' lang='lat' dir='ltr'><strong>utantur</strong></span> <span class='ocrx_word' id='word_1_231' title='bbox 975 3577 1173 3659; x_wconf 67' lang='lat' dir='ltr'><strong>druuddrtut</strong></span> 
     </span>
     <span class='ocr_line' id='line_1_30' title="bbox 140 3695 1174 3783; baseline 0.005 -26"><span class='ocrx_word' id='word_1_232' title='bbox 140 3696 241 3775; x_wconf 82' lang='lat' dir='ltr'><strong>verbo,</strong></span> <span class='ocrx_word' id='word_1_233' title='bbox 262 3718 322 3778; x_wconf 87' lang='lat' dir='ltr'><strong>quo</strong></span> <span class='ocrx_word' id='word_1_234' title='bbox 337 3696 475 3783; x_wconf 82' lang='lat' dir='ltr'><strong>hebraica</strong></span> <span class='ocrx_word' id='word_1_235' title='bbox 488 3696 579 3759; x_wconf 83' lang='lat' dir='ltr'><strong>verba</strong></span> <span class='ocrx_word' id='word_1_236' title='bbox 594 3701 713 3766; x_wconf 67' lang='grc' dir='ltr'><strong>ΠΠῺῺ</strong></span> <span class='ocrx_word' id='word_1_237' title='bbox 729 3710 760 3760; x_wconf 88' lang='lat' dir='ltr'><strong>et</strong></span> <span class='ocrx_word' id='word_1_238' title='bbox 777 3698 869 3766; x_wconf 66' lang='lat' dir='ltr'><strong>mill</strong></span> <span class='ocrx_word' id='word_1_239' title='bbox 887 3695 1026 3776; x_wconf 78' lang='lat' dir='ltr'><strong>reddunt,</strong></span> <span class='ocrx_word' id='word_1_240' title='bbox 1047 3701 1174 3780; x_wconf 86' lang='lat' dir='ltr'><strong>scriptor</strong></span> 
     </span>
     <span class='ocr_line' id='line_1_31' title="bbox 138 3795 1170 3888; baseline 0.002 -23"><span class='ocrx_word' id='word_1_241' title='bbox 138 3803 273 3886; x_wconf 70' lang='lat' dir='ltr'><strong>altiprem&#39;</strong></span> <span class='ocrx_word' id='word_1_242' title='bbox 289 3795 318 3866; x_wconf 84' lang='lat' dir='ltr'><strong>et</strong></span> <span class='ocrx_word' id='word_1_243' title='bbox 339 3805 756 3887; x_wconf 77' lang='lat' dir='ltr'><strong>arcanam&#39;signilicationem,</strong></span> <span class='ocrx_word' id='word_1_244' title='bbox 777 3827 866 3888; x_wconf 85' lang='lat' dir='ltr'><strong>quam</strong></span> <span class='ocrx_word' id='word_1_245' title='bbox 883 3805 934 3866; x_wconf 91' lang='lat' dir='ltr'><strong>illo</strong></span> <span class='ocrx_word' id='word_1_246' title='bbox 956 3805 1025 3866; x_wconf 74' lang='lat' dir='ltr'><strong>lo&#39;co</strong></span> <span class='ocrx_word' id='word_1_247' title='bbox 1047 3807 1102 3884; x_wconf 77' lang='lat' dir='ltr'><strong>(Ps.</strong></span> <span class='ocrx_word' id='word_1_248' title='bbox 1117 3805 1170 3885; x_wconf 77' lang='lat'><strong>95,</strong></span> 
     </span>
    </p>

    <p class='ocr_par' dir='ltr' id='par_1_14' title="bbox 137 3903 1170 4104">
     <span class='ocr_line' id='line_1_32' title="bbox 140 3903 1170 3994; baseline 0.007 -23"><span class='ocrx_word' id='word_1_249' title='bbox 140 3913 196 3988; x_wconf 89' lang='lat'>11.)</span> <span class='ocrx_word' id='word_1_250' title='bbox 213 3911 305 3974; x_wconf 83' lang='lat' dir='ltr'><strong>verbo</strong></span> <span class='ocrx_word' id='word_1_251' title='bbox 322 3903 517 3980; x_wconf 71' lang='grc' dir='ltr'><strong>οἱναιποιῦσεως</strong></span> <span class='ocrx_word' id='word_1_252' title='bbox 529 3913 662 3994; x_wconf 86' lang='lat' dir='ltr'><strong>subjicit,</strong></span> <span class='ocrx_word' id='word_1_253' title='bbox 683 3911 779 3976; x_wconf 87' lang='lat' dir='ltr'><strong>eidem</strong></span> <span class='ocrx_word' id='word_1_254' title='bbox 794 3913 886 3978; x_wconf 84' lang='lat' dir='ltr'><strong>verbo</strong></span> <span class='ocrx_word' id='word_1_255' title='bbox 903 3935 939 3976; x_wconf 88' lang='lat' dir='ltr'><strong>eo</strong></span> <span class='ocrx_word' id='word_1_256' title='bbox 955 3911 1069 3976; x_wconf 80' lang='lat' dir='ltr'><strong>facilius</strong></span> <span class='ocrx_word' id='word_1_257' title='bbox 1083 3917 1170 3978; x_wconf 81' lang='lat' dir='ltr'><strong>etiam</strong></span> 
     </span>
     <span class='ocr_line' id='line_1_33' title="bbox 137 4017 953 4104; baseline 0.007 -26"><span class='ocrx_word' id='word_1_258' title='bbox 137 4017 287 4082; x_wconf 85' lang='lat' dir='ltr'><strong>hocloco</strong></span> <span class='ocrx_word' id='word_1_259' title='bbox 308 4019 429 4100; x_wconf 54' lang='lat' dir='ltr'><strong>(Geni,</strong></span> <span class='ocrx_word' id='word_1_260' title='bbox 445 4025 482 4096; x_wconf 82' lang='lat'><strong>2.)</strong></span> <span class='ocrx_word' id='word_1_261' title='bbox 503 4020 631 4086; x_wconf 79' lang='lat' dir='ltr'><strong>tribuere</strong></span> <span class='ocrx_word' id='word_1_262' title='bbox 652 4024 754 4104; x_wconf 85' lang='lat' dir='ltr'><strong>potuit</strong></span> <span class='ocrx_word' id='word_1_263' title='bbox 875 4064 879 4077; x_wconf 71' lang='lat'>‚</span> <span class='ocrx_word' id='word_1_264' title='bbox 951 4021 953 4025; x_wconf 75' lang='grc'>’</span> 
     </span>
    </p>
   </div>
   <div class='ocr_carea' id='block_1_3' title="bbox 1205 2811 1213 2847">
    <p class='ocr_par' dir='ltr' id='par_1_15' title="bbox 1205 2811 1213 2847">
     <span class='ocr_line' id='line_1_34' title="bbox 1205 2811 1213 2847; baseline 0 0"><span class='ocrx_word' id='word_1_265' title='bbox 1205 2811 1213 2847; x_wconf 79' lang='lat' dir='ltr'><strong>l</strong></span> 
     </span>
    </p>
   </div>
   <div class='ocr_carea' id='block_1_4' title="bbox 0 0 1440 4690">
    <p class='ocr_par' dir='ltr' id='par_1_16' title="bbox 0 0 1440 4690">
     <span class='ocr_line' id='line_1_35' title="bbox 0 0 1440 4690; baseline 0 8"><span class='ocrx_word' id='word_1_266' title='bbox 0 0 1440 4690; x_wconf 95' lang='lat' dir='ltr'><strong> </strong></span> 
     </span>
    </p>
   </div>
  </div>
 </body>
</html>
