2856 4694
230 452 413 537 regnaret,
427 433 640 536 spopondit.
661 431 787 532 Hujus
797 427 1266 535 pacti(foeder1s)t1gnum

229 560 468 634 circumcisio
496 558 639 656 (Act.,7
658 553 750 653 Ν.)
1286 565 1293 573 ’

300 683 427 756 Etiam
452 682 585 754 ceteris
612 678 855 765 Patriarchis‚
890 679 1019 774 Isaaco
1046 693 1083 750 et
1109 676 1265 761 Jacobo,

227 807 332 883 Deus
346 807 611 912 promissiones
627 806 844 914 Abrahamo
859 804 964 879 datas
982 803 1153 906 repetiit,
1175 827 1266 904 pac·

229 1127 256 1198 (2
268 1121 389 1198 Mosa,
408 1128 443 1196 8.)
466 1122 637 1203 Girgasclri,
667 1134 695 1180 et
716 1131 877 1202 sequuntur
894 1119 1054 1199 Rephaim,
1075 1129 1103 1178 et
1119 1119 1210 1194 lieni,
1237 1129 1266 1178 et

229 1230 346 1306 Kenisi,
364 1211 393 1289 et
405 1222 570 1294 Kadmos
593 1241 626 1286 ut
641 1225 857 1287 demonstretur
875 1225 1018 1286 Israelitas
1037 1223 1185 1287 redituros
1201 1247 1265 1286 esse

229 1340 370 1399 orientem
392 1355 495 1396 versus
521 1331 664 1408 (Kedem)
687 1336 716 1392 in
741 1331 913 1413 paradisum
940 1355 1009 1392 cunr
1033 1355 1085 1410 eo,
1111 1329 1265 1413 qui'prior

229 1443 385 1524 (kadmoui)
401 1457 464 1505 erat
481 1439 593 1501 mundo
611 1442 668 1520 [ie.
680 1441 805 1520 Messia].
833 1440 909 1500 Nam
922 1439 1014 1500 homo
1032 1443 1144 1520 primus
1160 1437 1264 1520 expul-

229 1574 279 1626 sus
300 1567 399 1614 estex
422 1554 473 1614 illo
493 1552 562 1612 loco
586 1563 709 1630 propter
732 1571 872 1630 anguem3
900 1553 1014 1629 itaque,
1034 1549 1086 1608 ubi
1110 1549 1272 1610 Sanctissi··

229 1683 295 1722 mus
318 1681 443 1740 anguem
466 1661 623 1741 expulerit,
652 1660 685 1720 id
702 1657 786 1740 quod
809 1647 986 1738 significatur
1010 1681 1084 1718 voce
1111 1659 1267 1739 Girgascbi

232 1775 274 1844 (ut
291 1789 379 1850 supra
396 1765 534 1846 dicmur),
552 1768 694 1830 habitabit
711 1769 820 1848 homo,
842 1771 893 1849 qui
909 1779 953 1828 est
968 1767 1074 1854 Israel,
1092 1770 1121 1826 in
1135 1769 1265 1834 oriente,·

221 1851 267 1937 'ac
283 1889 348 1936 tum
361 1875 533 1935 habitabunt
549 1877 710 1954 (Israelitae)
727 1880 758 1935 in
775 1897 828 1935 sua
841 1887 926 1934 terra.
949 1875 1084 1954 [Nomina
1102 1876 1267 1956 Girgaschi,

231 1985 375 2066 Rephaim
391 1997 420 2045 et
440 1983 591 2046 Kadmoni
610 1990 650 2046 ita
671 1983 791 2066 quidem
811 1985 954 2066 explicata
970 2001 1053 2064 sunt,
1076 1981 1129 2045 sed
1149 1986 1267 2056 nomina

231 2097 309 2156 Keni
327 2107 356 2156 et
378 2096 481 2156 Kenisi
497 2117 557 2156 non
576 2096 720 2176 explicata
737 2095 958 2176 relinquuntur]

206 2223 227 2255 ,0

293 2280 316 2314 ³⁸
337 2289 406 2363 Quo
429 2283 522 2346 modo
545 2289 731 2346 circumcisio
757 2309 816 2347 non
842 2286 940 2346 solum
962 2287 1173 2345 monimentum'
1193 2283 1267 2344 illius

232 2391 375 2470 foederis,
400 2391 453 2452 sed
472 2395 559 2451 etiam
575 2392 808 2452 efficacissimum
826 2390 1027 2472 adjumentum
1043 2396 1080 2452 sit
1100 2389 1139 2452 ad
1161 2392 1269 2450 malam

231 2512 344 2580 partem
360 2497 565 2559 attenuandam
579 2502 692 2581 Deique
706 2521 829 2580 reguum
844 2498 1054 2582 adjuvandum,
1069 2505 1109 2561 ita
1124 2503 1269 2583 explicant

179 2670 183 2680 ,
231 2612 362 2688 magistri
390 2607 584 2668 cabbalistici:
616 2609 745 2688 Angelos
768 2610 863 2672 malae
885 2615 976 2691 partis
1005 2609 1136 2670 divinum
1160 2634 1268 2674 numen

229 2720 313 2800 quasi
332 2720 481 2797 putamine
501 2714 633 2800 quodam
655 2716 856 2796 circumdare,
885 2720 1006 2799 ejusque
1029 2719 1140 2798 vimjin
1159 2732 1269 2780 terram

230 2839 259 2887 et
274 2827 445 2906 praesertim
462 2827 492 2884 in
507 2824 645 2885 Israelem
663 2837 812 2886 attenuare
829 2834 865 2905 (v.
873 2840 969 2888 annot.
981 2837 1017 2886 35
1031 2828 1060 2883 iu
1072 2827 1152 2901 fine).
1174 2827 1267 2888 Simul

229 2934 415 3014 praeputium
433 2935 463 2992 ri
481 2932 574 2992 malae
590 2935 680 3012 partis
701 2954 765 2994 esse
785 2947 974 2994 exortumv
947 2940 981 3010 (v.
993 2931 1075 2992 caud.
1091 2947 1186 2994 annot.
1203 2940 1268 3009 35..)

229 3038 328 3100 Ideo
320 3053 395 3100 mter
420 3044 606 3122 praeputium
626 3061 661 3100 ac
683 3041 791 3101 malam
813 3054 927 3122 partem
944 3040 1094 3101 vinculum
1115 3039 1268 3122 quoddam

231 3137 443 3256 conjunctionis
469 3161 498 3210 et
523 3151 702 3208 necessitatis
725 3161 853 3219 exstore3
886 3170 977 3229 quare
1004 3149 1082 3209 mala
1107 3123 1192 3232 par‘s
1204 3153 1268 3230 ipsa

229 3240 415 3336 praeputium
434 3259 652 3332 nominatur(v.
627 3267 760 3314 v.annot
773 3258 815 3328 9).
847 3235 1083 3327 Absciudeudo
1076 3261 1164 3338 rgitur
1179 3280 1267 3339 prae-

184 3361 188 3366 ’
229 3367 311 3445 putio
331 3386 390 3422 non
411 3362 508 3423 solum
527 3366 587 3424 vim
606 3363 700 3423 malae
720 3367 810 3444 partis
831 3364 1029 3425 inhominem
1051 3370 1268 3446 circumcisum,

230 3470 285 3532 sed
309 3475 396 3532 etiam
420 3469 628 3550 impedimenta
656 3468 772 3530 divinae
797 3471 965 3537 efficientiae
989 3495 1006 3532 a
1030 3477 1178 3554 putamine
1208 3474 1268 3551 illo,

173 3569 178 3587 ‘
230 3581 313 3641 malis
328 3579 383 3638 illis
398 3578 506 3658 angelis
527 3579 625 3637 Deum
646 3573 912 3656 circumdantibus,
934 3579 1019 3640 allata
1033 3583 1165 3640 imminui
1181 3593 1268 3662 atque

230 3689 386 3748 extenuari
618 3730 633 3737 „
947 3689 949 3697 ⁴

292 3798 335 3856 Cf.
343 3793 574 3872 JatkutRuhent,
590 3815 652 3875 par
664 3794 745 3855 Lech
758 3794 860 3874 lecha,
879 3795 928 3854 fol
941 3805 990 3874 36,
1005 3795 1059 3856 coi
1071 3801 1091 3855 4
1103 3802 1181 3873 (sect.
1194 3817 1269 3876 quae
1331 3769 1336 3779 i

231 3907 330 3986 incipit
350 3902 442 3964 verbo
464 3906 528 3980 Ἡ,
549 3903 648 3976 infra):
686 3975 687 3978 Ἴ

231 4028 322 4097 mm
362 3999 448 4093 urb
491 3996 631 4112 murm
675 4023 739 4092 u:
784 3998 978 4108 scuras&
1019 4026 1105 4088 uos
1144 4024 1267 4115 nup-t
