2856 4694
767 275 812 338 lb

174 483 178 488 ·
278 467 353 537 cet,
377 449 507 553 quales
530 475 586 525 res
611 451 652 525 in
671 450 830 526 tentorio
850 449 1011 540 fuerint3
1036 449 1153 535 docet,
1175 476 1300 524 sacer·
1329 517 1335 529 ,

278 575 381 650 dotes
400 574 689 650 tabernaculum
709 576 879 649 anticum
898 573 1084 676 quotidie,
1106 598 1301 648 summum

227 795 229 802 Α
277 724 365 773 vero
380 693 605 801 pontificem
628 698 813 800 posticum
834 697 947 772 semel
972 711 1120 772 tantum
1141 698 1300 800 singulis

278 824 395 897 annis⁴
414 823 573 913 intrare;
603 821 726 909 docet,
755 849 839 896 vasa
862 839 900 898 et
927 849 1031 897 aram
1061 820 1300 896 tabernaculi

277 946 460 1048 sanguine
482 945 656 1049 adsperso
678 949 888 1022 consecrari
907 947 1013 1038 solita
1040 971 1131 1032 esse,
1157 963 1195 1018 et
1216 971 1300 1020 cor-

278 1097 369 1174 pora
397 1069 635 1146 victimarum
664 1071 917 1173 piacularium
945 1087 1034 1144 ante
1061 1085 1179 1144 castra
1208 1063 1299 1144 cori-

278 1196 455 1286 cremari3
473 1210 511 1268 et
524 1219 623 1296 quae
638 1209 729 1270 sunt
742 1193 887 1296 generis
902 1191 1086 1296 ejusdem,
1104 1220 1204 1295 quae
1218 1220 1299 1268 om-

122 1394 128 1410 ,
184 1367 232 1436 uf
279 1319 343 1392 nia
369 1317 523 1393 Judacis
550 1317 753 1391 lectoribus
780 1316 936 1391 minime
966 1318 1106 1420 ignota,
1140 1317 1299 1392 minime

135 1519 159 1560 κ,
195 1501 241 1560 -κ
278 1441 392 1544 igitur
406 1457 483 1516 tam
498 1442 646 1544 copiose
660 1429 905 1516 describenda
918 1458 1033 1517 erant.
1061 1441 1191 1538 Quare
1203 1443 1300 1518 haec

277 1566 358 1668 ipsa
372 1564 576 1639 verborum
593 1564 700 1668 copia
715 1565 815 1639 valet
825 1565 952 1667 potius
968 1564 1018 1639 ad
1030 1565 1131 1640 hanc
1148 1584 1299 1642 senten·

278 1690 370 1764 tiam
380 1686 719 1791 comprobandam:
740 1687 895 1762 lectores
908 1689 1295 1766 nonJudaeosfuisse.

274 1874 276 1880 ,
350 1818 384 1888 2.
412 1811 527 1907 Quod
549 1827 677 1887 autem
700 1809 1002 1914 Chrysostomum
1023 1812 1065 1886 in
1087 1831 1211 1916 partes
1232 1842 1298 1889 ro·

279 1955 383 2025 cant,
416 1938 457 2011 id
481 1963 560 2012 non
584 1936 698 2038 magis
722 1961 802 2010 rem
826 1937 988 2038 probare
1015 1935 1110 2012 mihi
1137 1938 1296 2013 videtur.

277 2057 429 2135 Etenim
452 2061 484 2134 si
508 2087 554 2134 ex
579 2060 691 2133 rebus
717 2058 767 2133 ad
790 2058 1080 2160 intelligendum
1104 2061 1298 2162 quoddam

277 2183 709 2288 scriptumnecessariis,
730 2198 831 2256 certo
848 2182 1167 2284 colligeroliceret
1179 2211 1298 2287 genus

278 2312 478 2395 lectorum,
495 2307 593 2382 nihil
607 2307 746 2380 certius
763 2323 873 2394 esset,
890 2334 1006 2407 quam
1020 2309 1127 2382 Pauli
1142 2337 1296 2411 quoque
1326 2395 1339 2402 ,
1412 2383 1413 2410 ¹

278 2435 450 2538 epistolas
462 2433 515 2536 ad¹
522 2433 712 2506 Hebraeos
725 2431 881 2534 scriptas
896 2457 982 2518 esse,
999 2459 1122 2534 quum
1137 2433 1296 2508 refertae
1412 2443 1413 2476 i

276 2549 530 2634 sintdoct'rina
537 2553 698 2658 judaica,
711 2572 827 2656 atque
839 2556 1037 2630 abundent
1045 2556 1157 2630 rebus
1163 2558 1296 2659 paullo

228 2769 237 2791 Ι
275 2682 565 2769 obscurioribus,
576 2708 674 2783 quae
682 2681 835 2768 nemini,
845 2682 993 2784 nisiqui
1002 2682 1197 2756 rabbinica
1208 2710 1317 2758 eru-·

215 2819 220 2823 ’
276 2805 419 2880 ditione
432 2806 599 2882 imbutus
612 2823 675 2894 est,
688 2807 840 2908 penitus
853 2823 1004 2910 apertae
1016 2824 1107 2882 sunt
1119 2805 1169 2880 ad
1182 2808 1295 2882 intel-

203 2929 205 2938 '
275 2927 487 3032 ligendum3
512 2932 642 3032 quales
658 2947 748 3004 sunt
762 2931 1064 3006 commemoratio
1081 2931 1182 3004 tertii
1199 2933 1295 3006 coeli

275 3070 313 3128 et
326 3053 489 3156 paradisi
506 3055 542 3154 (α
557 3053 721 3128 Corinth.
736 3061 793 3144 tr,
808 3081 837 3140 2,
853 3054 913 3152 4.)·‚
928 3081 1044 3156 quam
1056 3079 1167 3127 nemo
1183 3052 1295 3130 intel-

275 3176 371 3277 ligit,
401 3177 473 3250 nisi
500 3175 568 3277 qui
590 3177 675 3263 scit,
707 3181 856 3250 'coetum
885 3176 1099 3250 animarum
1120 3178 1168 3251 ab
1191 3180 1294 3252 omni

274 3316 382 3401 parte
399 3300 565 3402 piarum,
587 3300 629 3373 in
650 3300 759 3374 tertio
778 3299 882 3373 coelo
901 3299 1005 3402 apud
1022 3301 1148 3373 Deum
1165 3301 1295 3376 viven-

197 3437 203 3450 ‘
276 3423 386 3508 tium,
406 3422 623 3525 paradisum
646 3423 878 3526 superiorem
898 3423 1104 3508 nominari,
1130 3422 1170 3504 id
1190 3425 1295 3524 quod
1412 3439 1413 3448 ’

274 3545 374 3618 infra
389 3545 736 3635 demonstrabimus
747 3592 796 3601 -
808 3547 1109 3621 commemoratio
1117 3551 1295 3649 postremi

178 3724 181 3728 »
276 3669 390 3742 tubae
403 3686 536 3744 cantus
560 3671 772 3768 (1Cor.l5,
795 3671 883 3769 52),
908 3687 1067 3744 naturae
1083 3659 1297 3746 innovatioss·

204 3805 207 3811 '
276 3819 364 3866 nem
376 3794 436 3866 sui
446 3793 768 3870 vehementissime
780 3794 1024 3870 desiderantis
1038 3795 1154 3891 (Rom.
1164 3803 1196 3881 8,
1210 3797 1293 3893 aa),

176 3955 177 3962 κ
275 3917 560 4018 magistratuum
588 3935 626 3992 et
653 3903 880 4021 potestatum
905 3909 1158 3991 tenebrarum
1176 3916 1294 4018 hujus

275 4042 392 4115 seculi
432 4044 692 4118 etmalorum
732 4042 961 4116 daemonum
999 4045 1041 4114 in
1078 4031 1298 4140 regionibus
