2872 4690
608 259 693 330 ,169
788 275 789 282 ’

87 437 89 454 '
137 461 184 522 ut
221 441 374 550 pristini
415 434 655 526 sacerdotes,
672 470 674 480 ¹
693 433 858 542 singidis
894 433 1029 526 diebus
1064 435 1172 514 saera

136 569 282 655 facere,
319 581 358 641 ct
379 555 450 669 pro
477 562 555 639 suis
575 578 614 650 et
642 588 714 666 pro
735 560 872 666 populi
902 561 1086 665 peccatis,
1106 561 1174 637 sed

137 692 254 770 semel
290 705 443 766 tantum
474 703 627 763 sacrum
667 685 811 762 faceret
844 709 885 760 se
923 685 1050 789 ipsum
1084 685 1174 761 offe-

73 859 78 862 ·
119 807 260 892 ‘rende
295 814 404 912 (nam
421 812 480 888 illi
499 811 643 888 debiles
663 811 854 917 homines,
882 809 947 886 hic
972 809 1048 886 Dei
1070 810 1172 888 filius
1182 827 1214 908 ⁷,
1222 837 1270 892 as.

138 938 242 1039 fuit)
1066 1029 1067 1033 Ν

144 1063 275 1138 Tertio
292 1064 384 1135 vero
402 1073 588 1163 tanquam
606 1073 724 1164 caput
743 1056 800 1136 rei
821 1055 871 1134 ad
886 1083 951 1146 ea,
971 1084 1079 1162 ‘quae
1096 1058 1175 1162 jam
1186 1079 1249 1162 8,1.

139 1185 322 1272 diximus,
341 1181 506 1260 accedit:

137 1309 273 1387 Noster
283 1306 457 1413 pontifex
472 1302 635 1408 [Messias]
650 1303 824 1410 pontifex
838 1321 895 1382 est
905 1307 989 1384 veri
1003 1308 1175 1379 coelestis
1188 1332 1214 1380 2.

139 1437 246 1508 sacri
269 1435 351 1510 nois
364 1421 421 1507 ¹ab
440 1415 667 1506 hominibus
684 1429 751 1504 sed
776 1457 799 1504 a
817 1429 906 1512 Deo
925 1429 1007 1533 ipso
1028 1429 1173 1519 conditi

143 1560 267 1663 [eidss
282 1579 316 1632 et
331 1577 437 1632 annot.
454 1553 512 1656 a.].
604 1635 606 1643 ,
879 1662 880 1671 ἵ

187 1683 379 1786 Namque,
406 1707 531 1786 quum
552 1681 675 1759 omnis
696 1677 870 1784 pontifex
895 1703 1001 1756 sacra
1024 1677 1175 1770 obferre
1188 1701 1249 1775 aa

193 1805 348 1894 debeat,
458 1839 460 1846 ·

192 1932 234 2002 in
260 1944 368 2004 terra
389 1925 457 2004 ille
474 1927 648 2005 sacerdos
668 1953 747 2005 esse
765 1929 924 2005 omnino
943 1955 1023 2006 non
1042 1948 1176 2035 posset,

191 2055 285 2158 quia
304 2053 370 2130 hic
385 2054 430 2131 in
448 2071 549 2131 terra
573 2052 652 2159 jam
672 2070 778 2143 sunt,
799 2055 870 2158 qui
890 2079 1001 2132 sacre
1017 2054 1177 2137 faciunt,

191 2196 308 2284 atque
323 2179 397 2260 hoc
417 2204 570 2256 sacrum
593 2193 768 2253 terrestre
786 2177 940 2267 colunt,

139 2383 141 2398 ,
242 2303 367 2408 (quod
386 2302 542 2380 nonnisi
565 2303 689 2406 imago
711 2319 749 2379 et
766 2304 905 2381 umbra
929 2318 985 2382 est
1008 2305 1178 2382 coelestis
1191 2299 1217 2384 s.

183 2439 208 2512 ,’
240 2427 346 2506 illius
362 2428 482 2519 aedis,
501 2429 721 2534 uti-Moysis
746 2429 1006 2514 testimonium
1026 2431 1181 2536 probat)

201 2625 204 2634 .
253 2555 290 2652 [2
304 2560 385 2628 Mos.
395 2561 454 2645 25,
466 2580 531 2650 403
554 2561 592 2628 cf.
602 2556 628 2656 ᾗ.
639 2563 696 2644 14,
708 2569 738 2629 3.
753 2575 860 2629 annot.
871 2555 953 2652 4o.].
1038 2637 1040 2642 ,

194 2677 320 2779 flgitur,
341 2686 417 2780 quis
433 2685 467 2752 in
490 2686 687 2754 terrestri
708 2683 827 2778 templo
841 2705 929 2752 sacra
944 2669 1054 2754 offerre
1071 2683 1101 2752 ei
1115 2707 1180 2753 non

195 2804 281 2889 licet,
298 2831 456 2903 nusquam
472 2807 535 2875 nisi
551 2807 585 2875 in
602 2805 727 2904 coelo,
745 2805 964 2876 incoelesti
979 2807 1054 2876 Dei
1071 2809 1179 2892 aede,

117 2995 119 3002 .
194 2931 394 2998 sacrefacere
408 2945 525 3022 potest,
548 2929 685 3025 ideoque
700 2931 791 2999 veri
812 2929 1013 3000 coelestis
1032 2931 1179 3026 templi

194 3054 339 3144 pontifex
351 3055 464 3140 est3id
474 3055 560 3149 quod
572 3069 639 3123 erat
651 3055 939 3124 demonstrandum.
953 3056 1074 3134 Iterum
1082 3058 1180 3150 scrip-
1244 3123 1246 3132 ,

160 3167 162 3172 ’
195 3193 247 3246 tor
258 3193 357 3274 caput
369 3180 646 3266 argumentationis
660 3182 799 3265 omittit,
814 3205 851 3250 ac
866 3179 976 3250 lectori
988 3182 1178 3270 cogitatione

194 3303 411 3397 supplendum
429 3297 604 3400 relinquit]
630 3367 633 3370 .

150 3426 301 3516 Quarto
324 3423 493 3528 denique
515 3423 675 3501 Messiae
693 3449 738 3500 eo
756 3426 1026 3524 praestantius
1046 3423 1180 3528 obtigit
1192 3453 1218 3506 s.

148 3551 406 3650 sacerdotium
421 3548 494 3652 [hac
504 3556 659 3624 sententia
670 3555 804 3648 scriptor
816 3553 1034 3624 antecedentia
1043 3575 1180 3647 sequeu-

148 3676 232 3745 tibus
247 3677 413 3748 adnectere
431 3673 564 3776 studet],
590 3651 730 3772 quanto
746 3677 868 3748 etiam
885 3673 1052 3746 melioris
1072 3657 1181 3772 [duam

69 3848 72 3856 1
150 3793 296 3897 Mosaici]
315 3795 503 3884 mediator
522 3796 574 3898 [cf.
589 3797 686 3898 tto,
706 3796 750 3898 7.]
769 3813 825 3872 est
836 3783 951 3895 poeti
976 3793 1179 3896 [testamenti

150 3916 318 4019 foederis],
341 3921 528 4021 quoniam
548 3917 770 3996 melioribus
790 3919 1103 4026 promissionibus
1126 3917 1178 4021 [cf.

152 4067 234 4139 quae
250 4049 290 4114 ad
308 4050 342 4132 9,
365 4074 403 4114 11
425 4043 626 4149 annotamus]
650 4045 903 4124 constitutum
917 4062 979 4123 est
1100 4084 1103 4089 ·
