2856 4694
487 982 790 1132 Pras
884 985 927 1092 1.

575 1557 760 1630 CAPUT
809 1556 836 1627 1.

260 1745 342 1856 §.L
368 1719 486 1864 Duo
510 1785 617 1854 sunt,
648 1792 748 1868 quae
770 1765 819 1840 ad
840 1767 1077 1868 probandam
1090 1773 1219 1874 vulga-

197 1911 278 1964 rem
297 1891 516 1992 opinionem
533 1889 708 1981 adhiberi
727 1907 900 1992 possunt:
929 1891 1140 1966 testimonia
1159 1920 1219 1968 ec-

199 2015 331 2088 clesiae
347 2037 368 2088 a
384 2013 900 2116 scriptoribus·ecclesiasticis
916 2013 1129 2115 primorum
1142 2041 1220 2091 sae·
1318 1991 1322 2006 ¹

198 2139 372 2214 culorum
388 2138 543 2226 tradita,
568 2154 651 2212 tum
670 2153 890 2240 argumenta
908 2163 954 2210 ex
972 2137 1051 2240 ipsa
1065 2139 1220 2242 epistola

119 2287 122 2295 ‘
164 2314 167 2318 -
197 2263 396 2360 desumto.¹

104 2377 106 2384 ⁴
260 2361 341 2472 §.2
369 2385 489 2481 Quod,
519 2384 568 2459 ad
605 2385 817 2478 testimonia
851 2385 1030 2460 ecclesiae
1065 2371 1218 2474 attinet,

103 2529 109 2533 ’
194 2537 339 2584 summa
354 2537 495 2597 eorum,
515 2534 614 2609 quae
627 2509 712 2582 Viri
728 2509 829 2583 docti
844 2508 891 2583 de
906 2509 978 2584 hac
993 2535 1035 2584 re
1050 2510 1219 2614 disputa·-

195 2651 305 2721 runt,
334 2650 388 2707 est
408 2633 488 2706 fere
508 2633 612 2708 haec.
1030 2699 1032 2706 .

138 2842 142 2847 ¹
264 2761 370 2832 Inter
379 2774 504 2859 patres
517 2775 554 2831 et
564 2783 719 2860 graecae
731 2774 769 2832 et
781 2759 923 2834 latinae
936 2758 1123 2847 ecclesiae,
1140 2761 1219 2862 qui,

195 2881 373 2982 epistolae
391 2898 540 2955 nostrae
558 2883 753 2956 mentione
770 2881 885 2970 facta,
910 2883 1066 2956 lectores
1084 2883 1220 2986 episto-

194 3007 253 3078 lae
276 3005 502 3079 nominatim
523 3005 762 3093 indicarunt,
785 3006 916 3080 nullus
936 3023 1006 3094 est,
1028 3006 1125 3106 quin
1144 3009 1221 3082 He-

194 3128 326 3203 braeos
349 3153 409 3200 eos
431 3144 649 3230 nuncupet3
677 3155 768 3202 nam
790 3127 1009 3230 conjectura
1029 3129 1112 3218 illa,
1143 3159 1220 3233 qua

196 3251 391 3352 epistolam
415 3266 582 3324 nostram
606 3250 649 3324 in
674 3249 884 3351 fragmento
910 3253 1120 3328 Muratorio
1147 3255 1219 3330 suh

197 3377 350 3450 nomine
367 3376 545 3478 epistolae
563 3375 613 3450 ad
627 3374 902 3449 Alexandrinos
920 3375 1127 3452 indicatam
1143 3403 1219 3452 esse

196 3518 350 3604 putant,
369 3489 478 3574 valde
495 3501 639 3574 incerta
656 3517 726 3587 est,
747 3499 982 3601 minimeque
997 3500 1143 3575 idoneis
1159 3528 1219 3574 ar·

195 3625 382 3726 gumentis
396 3622 649 3722 confirmatur.
677 3624 816 3696 Contra
830 3623 1062 3709 multisunt,
1079 3624 1220 3722 quibus

195 3764 319 3850 patres
333 3748 435 3822 ha'no
453 3747 672 3850 opinionem
690 3772 769 3820 non
787 3746 836 3820 ab
855 3739 1023 3846 antiquis
1043 3743 1220 3834 traditam

121 3911 124 3918 1
195 3871 388 3958 habuisse,
416 3871 482 3946 sed
505 3898 525 3944 e
548 3870 625 3944 sola
649 3869 826 3970 epistolae
849 3867 1096 3970 inscriptione
1117 3894 1220 3947 sumn
1294 3911 1297 3918 =
1344 3878 1351 3886 “

195 3994 282 4070 sisse
296 3995 483 4070 videntur.
519 3995 624 4068 Haeo
640 3993 836 4096 inscriptio
850 3993 1029 4094 epistolae
1042 3992 1085 4067 in
1098 3996 1220 4074 omni.
1317 4027 1321 4038 =
