2856 4694
616 811 799 888 CAPUT
848 813 927 885 111.

191 1047 195 1064 '
223 1098 227 1104 .
332 1011 369 1126 S
384 1035 421 1112 8.
450 1037 615 1112 Alterius
640 1028 799 1138 ejusque
823 1034 1045 1138 principalis
1075 1040 1287 1140 argumenti

260 1191 406 1241 summa
430 1161 527 1237 haec
547 1173 616 1237 est:
644 1165 691 1236 ln
709 1160 865 1262 epistola
885 1161 1041 1234 lectores
1063 1141 1218 1263 cogitari
1238 1161 1288 1236 ad

261 1286 511 1362 defectionem
524 1314 545 1360 a
559 1283 739 1386 religione
753 1283 956 1358 christiana
969 1286 1227 1386 pronissimus,
1247 1286 1288 1358 id

260 1410 365 1512 quod
376 1409 517 1512 optime
533 1410 574 1482 in
586 1407 816 1510 Christianos
831 1433 967 1509 genere
977 1409 1141 1483 Judaeos
1154 1425 1191 1481 et
1201 1408 1287 1509 qui-

261 1536 347 1609 dem
360 1533 718 1635 Hierosolymitanos
732 1531 932 1633 quadrare,
950 1533 1019 1634 qui
1034 1513 1287 1607 observandae

260 1659 350 1760 legis
366 1657 550 1732 mosaicae
566 1681 687 1756 nsque
703 1671 861 1742 tenaces,
881 1683 925 1730 ac
940 1655 1141 1758 splendore
1156 1656 1287 1757 templi

176 1856 179 1864 ,
235 1781 591 1883 ¹Hierosolymitani
600 1778 758 1884 ejusque
770 1807 964 1856 sacrorum
974 1781 1084 1884 capti,
1097 1780 1209 1855 facile
1221 1779 1287 1854 ad-

263 1905 580 2008 duci'potuerint,
603 1923 687 1979 uta
706 1887 804 1980 nova
823 1905 1003 2008 religione
1019 1931 1059 1979 se
1077 1920 1290 1979 averterent
1394 1917 1395 1996 p

263 2029 374 2104 etad
397 2030 556 2132 pristina
587 2055 692 2104 sacra
715 2027 893 2103 redirent
928 2009 1063 2123 'Quam
1087 2055 1287 2130 argumen-

263 2153 444 2226 tationem
476 2152 623 2253 Hugius
654 2150 762 2226 hunc
798 2153 840 2226 in
875 2145 1038 2226 modum
1064 2149 1287 2227 dilatavitz*

261 2275 427 2377 ,Religio
451 2273 603 2375 judaica
626 2273 669 2346 in
691 2273 901 2348 Palaestina
925 2273 1097 2349 homines
1123 2273 1287 2348 firmissi
1394 2343 1395 2354 ,

262 2398 356 2482 ,mis
381 2397 591 2497 iisdemque
620 2395 845 2470 suavissimis
872 2396 1036 2470 vinculis
1069 2399 1287 2472 constrictos

261 2574 279 2608 α
287 2523 455 2610 tenebat,
482 2521 675 2598 mentibus
702 2521 950 2624 sensibusque
966 2548 1099 2596 eorum
1115 2519 1287 2624 magnifi-

259 2649 409 2733 ,centia
423 2673 617 2723 sacrorum
634 2646 912 2750 splendoreque
926 2648 1073 2721 rituum
1089 2644 1233 2718 allectis
1250 2659 1289 2716 et

260 2823 276 2856 a
284 2771 496 2875 occupatis,
525 2797 647 2872 quum
669 2796 690 2844 e
716 2771 905 2844 contrario
928 2769 1059 2870 religio
1084 2767 1287 2852 christiana

259 2894 441 2997 ,simplex
459 2910 568 2980 esset,
592 2909 630 2968 et
648 2892 859 2994 quemlibet
877 2892 1118 2995 splendorem
1134 2915 1287 2993 sperne-

259 3033 358 3103 «νει,
384 3017 527 3119 quippe
550 3012 660 3116 cujus
683 3013 917 3088 exercendae
937 3015 1032 3089 ratio
1053 3014 1174 3088 omnis
1194 3036 1287 3086 con-

258 3140 429 3223 ,sisteret
455 3138 497 3212 in
526 3119 776 3212 conventibus
802 3137 1006 3222 hominum
1032 3136 1289 3212 modestorum

259 3288 328 3348 ,ac
338 3260 471 3335 virtuti
483 3261 703 3346 amicorum,
724 3285 852 3362 neque
863 3259 1059 3363 pontifice,
1070 3286 1197 3360 neque
1211 3287 1287 3345 ara,

74 3385 76 3393 ⁴
171 3428 174 3439 ‹
259 3409 411 3484 ,neque
442 3383 556 3458 sacris
586 3382 774 3456 adhibitis.
824 3382 1060 3456 ludaeorum
1088 3398 1183 3484 quot
1210 3381 1290 3454 dies

136 3499 145 3516 '
259 3513 377 3608 ⁴,sacri
405 3507 563 3594 totidem
595 3523 705 3582 erant
733 3507 812 3580 dies
841 3507 950 3602 laeti;
984 3533 1150 3608 quorum
1176 3505 1288 3580 multi

259 3681 276 3714 α
284 3629 478 3704 constituti
500 3628 550 3702 ad
568 3629 790 3704 memoriam
809 3622 1058 3731 antiquorum
1080 3630 1154 3703 Dei
1172 3616 1288 3704 bene-

260 3751 458 3836 ,ficiorum
476 3751 775 3854 propagandam,
798 3751 970 3829 studium
988 3768 1104 3856 atque
1122 3779 1289 3829 amorem

214 4073 217 4076 ,
320 4013 338 4052 *
358 3974 918 4096 Euleoungind.Schriftendesm,
935 4013 1288 4096 rom.11,§.142,p.4sa
