2872 4690
748 247 820 310 ¹⁰8

263 424 335 498 sibi
349 420 547 498 finxerunt
560 423 610 498 ad
625 421 820 525 exemplar
834 423 969 496 veteris
986 423 1137 498 Israelis
1152 451 1302 526 regum:

263 697 361 777 coepit
377 676 581 754 Sanctissimus
599 697 710 775 pacisci
724 717 794 756 cum
806 717 841 758 eo
856 696 1001 776 [Messia]‚
1023 715 1116 776 quum
1133 696 1201 757 illae
1218 697 1303 777 [gen-

261 803 317 882 tes]
338 803 533 882 aufugissent,
560 798 684 862 nedixit
702 807 746 862 ei:
771 805 885 862 Horum
893 845 904 875 ,
934 803 987 884 qui
1003 801 1090 885 apud
1107 805 1303 864 te·reservats'

261 919 339 987 sunt,
354 920 483 992 peccata
500 907 570 966 olim
586 920 615 968 te
630 907 817 969 introducent
833 910 864 970 in
873 913 985 992 jugum
993 907 1153 988 jisrreum,
1176 924 1205 972 et
1227 909 1302 972 red·

211 1063 216 1072 .
262 1013 333 1076 dent
354 1028 383 1076 te
403 1027 436 1074 ut
449 1015 590 1103 vitulum,
612 1019 696 1095 cujus
711 1016 791 1076 oculi
810 1027 878 1077 sunt
892 1016 1058 1094 obscurati,
1079 1030 1108 1078 et
1123 1018 1300 1080 cruciabunt

262 1123 396 1202 spiritum
414 1133 499 1180 tuum
515 1123 544 1180 iu
559 1122 644 1201 jugo,
658 1143 693 1181 ac
705 1123 837 1204 peccatis
852 1126 957 1182 lios-nm
976 1121 1128 1204 quondam
1137 1124 1237 1205 lingua
1248 1140 1300 1187 tua

260 1227 431 1290 adhaerebit
453 1225 552 1310 palato
578 1240 639 1287 tuo.
679 1228 735 1288 Est
757 1241 825 1288 tuus
846 1250 1006 1289 consensus
1019 1251 1100 1288 eum
1122 1230 1187 1290 bis?
1217 1207 1318 1293 Dixit

260 1336 383 1397 Messias
403 1355 505 1394 coram
516 1335 646 1393 Domino
654 1376 730 1394 ......
751 1337 877 1396 Domine
889 1333 994 1395 mundi
1010 1357 1079 1396 eum
1098 1335 1206 1416 gaudio
1225 1361 1300 1400 cor-

260 1440 307 1504 dis
327 1455 356 1503 et
373 1441 480 1504 laetitia
496 1439 595 1502 cordis
610 1461 665 1522 ego
687 1440 720 1528 id
739 1445 769 1501 in
791 1463 839 1502 rue
854 1446 983 1523 suscipio
1002 1466 1035 1504 ea
1056 1442 1242 1525 conditione,
1264 1459 1299 1506 ut

259 1571 296 1610 ne
307 1570 382 1610 unus
392 1547 510 1632 quidem
521 1569 563 1610 ex
568 1549 681 1608 Israele
684 1561 802 1632 pereat,
823 1572 917 1630 neque
928 1552 987 1610 rivi
997 1549 1094 1611 solum
1104 1565 1257 1612 serventur
1266 1556 1297 1614 iu

259 1656 363 1719 diebus
372 1661 454 1732 meis,
466 1659 519 1720 sed
531 1661 597 1737 etii,
617 1661 706 1739 quiin
720 1658 841 1738 pulvere
851 1655 1015 1718 absconditi
1025 1673 1092 1720 sunt
1106 1661 1237 1742 [mortui]
1245 1707 1296 1722 ....

259 1779 288 1825 et
301 1786 396 1846 neque
410 1763 452 1823 illi
473 1763 589 1844 solum,
605 1761 759 1825 sedetiam
776 1764 965 1830 abortivi...
985 1787 1079 1848 neque
1091 1768 1188 1828 solum
1205 1767 1297 1829 abor·

257 1874 326 1950 tivi,
347 1867 500 1932 sedetiam
516 1872 572 1950 illi,
604 1893 679 1953 quos
694 1889 797 1932 creare
814 1871 868 1931 tibi
878 1872 909 1931 in
920 1883 1044 1933 mentem
1059 1875 1151 1946 venit,
1172 1873 1298 1935 sednon

249 1978 406 2040 sreavisti.
437 1980 560 2059 [Totum
583 1978 663 2039 hunc
688 1979 807 2057 locum,
827 1981 857 2039 in
870 2000 932 2059 quo
948 1983 1036 2040 etiam
1050 1986 1297 2044 resurectionem

152 2075 156 2084 ’
258 2100 448 2148 mortuorum
457 2108 517 2146 non
528 2088 584 2146 nisi
601 2099 722 2146 auctore
732 2087 839 2146 Messia
852 2084 910 2146 ben
916 2085 1027 2166 loseph
1041 2087 1104 2148 fieri
1120 2088 1294 2168 affirmatur,

258 2197 343 2256 nimis
363 2193 554 2276 hyperbolice
575 2191 689 2254 dictum
704 2216 787 2273 esse,
810 2215 899 2276 (pram
920 2207 954 2255 ut
975 2192 1014 2254 ad
1028 2193 1152 2256 verbum
1176 2195 1296 2277 intelligi

255 2303 358 2385 possit,
371 2324 430 2363 non
436 2314 481 2362 est
493 2299 576 2384 quod
582 2323 736 2390 exponam.
757 2301 842 2362 Ultro
857 2277 934 2363 elsim
943 2314 1031 2382 patet,
1048 2303 1119 2362 nihil
1130 2301 1212 2364 aliud
1223 2326 1292 2366 eum

256 2410 314 2472 sibi
330 2409 424 2489 velle,
455 2432 491 2470 ae
518 2407 699 2491 splendidius
730 2429 873 2470 exornare
892 2412 1063 2470 sententiam
1080 2411 1180 2490 paullo
1206 2424 1291 2472 antea

256 2522 449 2580 enuntiatam:
474 2531 508 2578 ut
526 2540 563 2578 ne
577 2539 653 2578 unus
671 2515 792 2599 quidem
809 2540 846 2580 ex
858 2518 965 2578 lsraele
978 2517 1100 2601 pereat]
1122 2553 1165 2566 -
1203 2517 1292 2580 Didi·

256 2639 360 2688 cerunt
394 2629 527 2706 magistri
554 2629 664 2704 nostri,
703 2627 774 2686 olim
800 2640 1019 2689 resurrecturos
1048 2647 1112 2688 esse
1138 2641 1236 2708 patres
1260 2631 1290 2687 in

255 2756 355 2796 mense
376 2726 480 2812 Nisam,l
498 2732 625 2795 dicentes
645 2737 671 2795 ei
692 2735 858 2815 [Messiae]:
879 2737 1008 2794 Erumm
1026 2737 1145 2812 Missus
1166 2738 1289 2796 Jusrsrr·

255 2843 365 2919 osron',
394 2843 449 2902 etsi
468 2861 570 2901 sumus
592 2853 690 2922 patres
712 2845 771 2919 tui,
803 2854 901 2902 tamen
919 2842 1023 2902 melior
1042 2863 1073 2903 es
1092 2843 1195 2921 nobis,
1222 2846 1292 2924 quia

254 2949 397 3010 sustulisti
408 2960 530 3029 peccata
542 2946 703 3011 liberorum
716 2961 896 3026 nostrorum,
911 2961 939 3008 et
955 2945 1134 3009 conditiones
1150 2948 1291 3011 molestae

255 3069 285 3118 et
303 3055 397 3116 malae
417 3055 470 3114 tibi
487 3052 658 3115 acciderunt
675 3099 756 3116 .....
777 3054 894 3116 ethaeo
913 3059 1010 3116 omnia
1025 3069 1147 3137 propter
1167 3070 1289 3137 peccata

254 3163 415 3224 liberorum
427 3174 612 3230 nostrorum
634 3173 679 3220 est
691 3161 825 3221 voluntas
839 3173 910 3239 tua,
931 3173 965 3220 ut
978 3162 1112 3221 fruantur
1128 3161 1212 3222 liberi
1229 3185 1289 3222 no·

213 3267 216 3275 “
254 3272 307 3331 stri
327 3270 379 3329 illo
405 3268 480 3328 bono
507 3267 654 3347 [felicitate
677 3269 759 3348 regni
782 3267 949 3347 Messiani]‚
977 3266 1060 3347 quod
1082 3269 1289 3330 Sanctissimus

253 3375 453 3461 suppeditabit
469 3375 601 3434 Israeli?
620 3376 696 3435 forte
714 3387 836 3456 propter
852 3375 995 3456 perlatum
1009 3376 1208 3456 afflictionem,
1230 3399 1289 3459 qua

253 3487 376 3547 afflictus
400 3506 448 3564 es,
476 3505 559 3544 mens
582 3495 632 3543 tua
653 3507 713 3544 non
735 3505 880 3564 propensa
901 3488 993 3544 estin
1013 3486 1093 3545 eos?
1127 3485 1208 3545 Dicit
1227 3487 1290 3546 eise
1350 3459 1355 3468 ¹

253 3593 355 3655 Patres
377 3589 495 3670 mundi,
516 3611 600 3652 omne
622 3589 794 3672 quodseci,
814 3612 874 3652 nors
890 3591 957 3673 secs'
979 3593 1037 3652 nisi
1054 3605 1175 3674 propter
1190 3614 1245 3655 vos
1260 3606 1291 3652 et

247 3711 375 3785 propter
397 3698 504 3758 liberos
517 3711 637 3776 vestros,
656 3712 690 3759 ut
701 3696 856 3778 fruantur
876 3700 928 3758 illo
941 3699 1028 3772 bono,
1048 3697 1131 3781 quod
1146 3697 1290 3783 suppedi-

253 3806 543 3866 tabitSanctissimus
558 3805 673 3864 Israeli.
709 3805 819 3864 Dicunt
841 3807 868 3866 ei
887 3818 985 3887 patres
1010 3803 1128 3866 mundi:
1159 3807 1289 3866 Eranam

252 3915 370 3976 Msssm
389 3910 599 3972 Jusrrrrcsross
627 3909 741 3970 Habeat
762 3932 865 3991 pacem
891 3933 973 3972 mens
993 3925 1065 3992 tua,
1094 3917 1163 3996 quia
1182 3910 1290 3976 dedisti

253 4041 359 4099 paoem
375 4021 465 4082 menti
482 4022 622 4081 creatoris
635 4022 696 4097 tui,
717 4031 748 4080 et
765 4023 854 4081 menti
868 4033 991 4088 nostrae.
1012 4043 1054 4072 αι
1131 4031 1138 4040 ’
