2856 4694
763 259 808 322 ¹6

270 461 316 512 ac
331 435 455 543 plura,
472 458 572 535 quae
582 433 669 510 solis
681 431 901 520 Christianis
914 433 1149 537 egentilihus
1164 435 1234 520 vel,
1254 452 1301 510 ut

270 557 484 634 accuratius
514 555 665 658 loquar,
693 557 914 633 Christianis
943 556 1170 636 etludaeis·
1191 574 1298 632 extra

268 681 567 782 Hierosolymam
575 679 787 755 viventibus
798 679 952 784 propria
962 699 1081 769 erant,
1094 707 1300 786 perperam

268 804 453 904 universis
479 801 699 908 Christianis
726 803 936 906 peculiaria
962 803 1076 880 fuisse
1101 805 1296 880 dicuntur.
1374 861 1386 868 .

262 1019 264 1024 Ι
339 931 444 1004 Haec
463 953 513 1002 ne
535 943 675 1002 temere
695 955 717 1002 a
735 953 797 1014 me
817 925 917 1002 dicta
937 925 1159 1016 videantur,
1184 953 1297 1030 argu-

269 1069 398 1129 menta
412 1053 543 1156 paullo
559 1053 671 1126 altius
685 1057 859 1155 petamus
874 1079 1024 1128 necesse
1039 1069 1102 1126 est
1143 1051 1297 1126 Doctri-

269 1205 410 1252 narum
427 1175 530 1249 enim
546 1175 746 1277 utriusque
762 1175 951 1278 religionis
967 1202 1114 1250 summa
1130 1175 1299 1250 breviter

270 1301 343 1376 erit
370 1297 612 1402 exponenda,
648 1283 696 1373 ut
719 1316 861 1374 rectam
885 1299 932 1374 de
960 1300 1005 1374 iis
1031 1300 1297 1404 cogitationem

269 1422 432 1525 quisque
448 1422 528 1526 ipse
542 1421 670 1495 animo
683 1421 755 1496 sibi
770 1421 933 1498 formare
946 1423 1068 1526 possit

338 1520 376 1632 §-
388 1543 453 1620 10.
479 1544 650 1622 Primum
661 1545 776 1648 igitur
784 1544 1116 1651 doctrinajudaica
1129 1549 1298 1624 breviter

269 1685 324 1745 est
348 1668 592 1756 delineanda,
626 1669 717 1770 quia
746 1670 861 1746 totius
888 1672 1117 1772 quaestionis
1143 1689 1297 1748 nostrae

268 1793 564 1869 fundamentum
578 1807 640 1866 est
659 1791 810 1866 Deinde
825 1791 898 1866 erit
911 1795 1191 1897 exponendum,
1207 1797 1296 1898 qui·

252 1895 341 1994 *hus
368 1919 518 2022 placitis
545 1917 756 1992 communis
780 1934 969 1994 sectarum
999 1919 1297 1996 christianarum

270 2043 442 2118 doctrina
463 2041 653 2146 ajudaica
673 2042 837 2136 differat3
858 2059 1062 2146 postremo,
1087 2045 1229 2146 quibus
1247 2044 1297 2120 dc

208 2252 210 2256 ¹
268 2167 382 2240 rebus
392 2182 514 2240 sectae
527 2167 754 2240 christianae
766 2165 868 2268 ipsae
881 2167 982 2240 inter
992 2191 1031 2240 se
1042 2156 1298 2257 dissenserint,
1417 2157 1418 2186 ³

270 2316 316 2362 ex
336 2317 413 2390 qua
436 2289 691 2392 disputatione
716 2306 864 2362 rectum
885 2288 933 2363 de
956 2291 1073 2392 Hugii
1094 2285 1299 2393 argumen-
1417 2275 1418 2286 ἵ

230 2460 234 2473 «
270 2413 411 2486 tatione
431 2412 620 2515 judicium
641 2413 743 2514 ultro
766 2429 951 2528 nascetur.
998 2415 1118 2488 Simul
1139 2415 1298 2516 patebit,

172 2615 177 2624 ,
262 2565 346 2638 qua
360 2537 505 2610 ratione
519 2561 648 2612 omnes
661 2537 870 2610 sententiae
883 2536 1103 2612 Christianis
1117 2541 1300 2640 propriae
1417 2547 1418 2558 ’

211 2695 214 2700 ·
270 2676 308 2732 et
320 2687 342 2731 a
357 2644 528 2733 doctrina
542 2657 695 2762 judaica
710 2659 927 2734 recedentes
940 2685 986 2734 ex
1000 2659 1078 2734 hac.
1089 2662 1168 2763 ipsa
1182 2679 1299 2738 natae
1417 2675 1418 2690 ¹

267 2781 353 2869 sint,
372 2800 409 2856 et
426 2809 574 2860 cumea
591 2784 825 2861 cohaereant
859 2784 968 2879 Quae
984 2785 1164 2888 expositio
1179 2785 1299 2861 etiam

268 2904 519 2983 fiindamento
538 2907 610 2983 erit
628 2907 689 2995 iis,
713 2935 811 3010 quae
831 2907 986 3010 posthac
1006 2891 1309 3011 disputabimus.x
1414 2969 1418 3006 ‚
