2872 4690
509 802 694 878 CAPUT
742 807 838 879 VII.

225 973 339 1085 §.54
368 997 455 1070 Jam
485 1022 575 1108 vero
605 996 805 1100 disciplina
842 995 995 1098 judaica
1026 998 1192 1076 breviter
1267 1101 1270 1109 Δ

158 1123 367 1203 delineata,
391 1149 436 1194 ac
459 1119 660 1206 doctrinis,
689 1149 812 1223 quum
832 1147 893 1208 ea,
916 1149 1022 1224 ‚quac
1041 1123 1192 1200 duabus
1244 1144 1262 1163 ’-

155 1229 265 1320 sectis
283 1247 498 1321 christianis
517 1248 749 1334 communis,
776 1263 936 1335 tumea,
959 1275 1059 1350 quae
1075 1251 1192 1326 solius

155 1370 266 1444 Pauli
292 1387 420 1444 sectae
441 1371 597 1472 propria
622 1387 723 1456 erat,
758 1371 975 1446 accuratius
1005 1377 1189 1477 expositis,

154 1510 388 1568 revertamus
406 1495 456 1568 ad
472 1496 590 1598 Hugii
609 1496 717 1569 illam
733 1497 1119 1598 argumentationem,
1140 1501 1191 1576 ad
1296 1482 1302 1495 ἱ

155 1596 274 1718 quam
289 1617 557 1692 illustrandam
570 1617 666 1692 haec
683 1619 811 1692 omnia
827 1619 1120 1722 disputavimus3
1142 1625 1190 1700 de

138 1733 240 1844 'qua'
257 1741 336 1844 jam
358 1737 492 1846 paucis
516 1742 640 1816 verbis
669 1741 899 1817 sententiam
926 1744 1054 1820 dicere
1082 1764 1197 1850 pote-'

124 1935 127 1948 ,
155 1868 286 1943 rimus.
1135 1953 1136 1958 ,

170 2047 176 2059 .
230 1993 261 2064 1.
288 1979 433 2066 Collata
456 1991 560 2064 enim
583 1972 857 2092 disquisitionis
874 1969 1025 2068 nostrae
1040 2018 1188 2072 summa

155 2139 246 2186 curn
260 2112 326 2186 illa
342 2113 459 2214 Hugii
475 2091 819 2224 argumentatione,
838 2115 957 2189 cuivis
969 2135 1072 2192 recte
1085 2117 1189 2222 judi-

85 2325 87 2329 ·
137 2237 260 2311 ¹cauti
292 2237 456 2340 patebit,
498 2254 616 2312 totam
647 2239 1017 2339 argumentationem
1049 2243 1188 2321 funda-

152 2377 284 2434 mento
302 2361 461 2434 minime
476 2358 596 2433 solido
614 2385 691 2433 esse
706 2377 1021 2462 superstructam‚
1042 2369 1189 2472 quippe

154 2511 254 2586 quae
268 2483 533 2588 proficiscatur
547 2511 593 2557 ex
610 2485 791 2587 opinione
807 2512 961 2586 prorsus
977 2488 1089 2578 falsa,
1110 2520 1188 2594 qua

57 2630 64 2646 “
156 2610 385 2684 Christianos
407 2607 598 2712 judaicos,
633 2609 789 2712 judaico
811 2609 885 2682 Dei
910 2611 1027 2698 cultu,
1043 2615 1187 2706 relicto,

154 2734 340 2836 peculiari
363 2735 532 2837 quodam
552 2736 627 2809 Dei
652 2716 778 2824 cultu,
800 2735 984 2838 pontifice
1006 2756 1045 2812 et
1064 2733 1191 2818 sacerss

155 2859 307 2934 dotibus
331 2888 396 2934 ara
424 2878 463 2934 et
486 2861 679 2936 sacrifieiis
705 2876 878 2948 carente,
912 2889 997 2936 usos
1019 2889 1097 2940 esse
1118 2869 1188 2944 Vir
1261 2868 1269 2882 “

155 2983 287 3057 doctus
307 3001 427 3086 putat.

226 3111 260 3182 2.
288 3105 404 3202 Quod
419 3136 623 3210 nunquam
635 3109 689 3182 sic
703 3135 742 3182 se
755 3109 951 3200 habuisse,
971 3139 1099 3216 neque
1111 3142 1186 3192 un-

101 3290 109 3302 s
154 3259 272 3334 quam
286 3223 370 3308 illos
383 3263 405 3308 a
420 3234 576 3308 Judaeis
591 3237 630 3308 s'e
643 3261 843 3337 separasse,
859 3237 926 3310 sed
940 3239 1081 3340 templo
1094 3241 1187 3314 Hie-

78 3327 86 3344 *
154 3356 440 3458 rosolym'itano,
463 3355 623 3458 ejusque
643 3358 777 3446 sacris,
801 3359 967 3433 sabbatis
992 3378 1031 3434 et
1050 3361 1186 3438 diebus

152 3479 254 3554 festis
263 3506 385 3581 aeque
395 3466 441 3552 ac
450 3479 615 3554 ludaeos
627 3507 713 3554 usos
723 3477 952 3584 esse,jamex
961 3482 1005 3556 iis
1015 3501 1183 3588 apparet,

49 3595 51 3602 ¹
152 3631 254 3706 quae
268 3604 319 3678 ad
335 3603 578 3707 exponendas
594 3620 632 3678 et
647 3605 672 3676 J
674 3604 886 3680 udaeorum
901 3597 940 3680 et
953 3605 1184 3684 Christiano·
1215 3657 1233 3690 μ

153 3755 240 3804 rum
255 3728 457 3830 doctrinas,
475 3746 514 3804 et
526 3722 770 3832 explicandas
785 3758 919 3807 eorum
934 3731 1184 3810 dissensiones
1299 3795 1300 3799 ,

152 3876 267 3954 supra
287 3851 541 3928 disseruimus.
687 3944 694 3954 Ι
1235 3841 1236 3844 ¹

125 3989 129 4008 ¹
225 3979 260 4050 3.
281 3976 530 4053 Manifestum
547 3992 611 4064 est,
633 3977 771 4051 Virum
790 3974 1058 4070 doctissimum,
1080 4007 1182 4085 quae
