2856 4716
582 731 769 828 error
816 754 913 830 x11.

309 951 347 1066 ἕ.
375 970 441 1046 54.
485 982 516 1052 1.
556 979 645 1054 Jam
675 977 750 1054 hoc
783 978 967 1082 epistolae
1000 993 1292 1080 argumentum

225 1125 493 1243 comparemus
510 1129 600 1178 cum
615 1105 694 1193 illo,
712 1101 819 1206 quod
837 1127 859 1176 e
876 1102 1024 1206 wilga'ri
1038 1099 1292 1206 conjecimus

208 1226 427 1330 opinione,
461 1256 540 1331 qua
571 1243 714 1332 putant
742 1227 943 1332 epistolam
964 1227 1095 1304 datam
1121 1252 1201 1301 esse
1227 1226 1290 1302 ad
1398 1242 1402 1313 1

225 1350 461 1428 Christianos
474 1352 649 1458 judaicos
663 1353 714 1429 ad
728 1352 985 1430 defectionem
1000 1381 1022 1428 a
1040 1351 1287 1428 Christiano-

225 1467 315 1554 rum
339 1493 450 1581 parte
472 1479 686 1556 inclinatos.

301 1603 336 1675 2.
362 1594 559 1718 Suprac
521 1603 559 1702 (c
562 1595 652 1692 .,ῘΧ
669 1603 784 1704 557.)
812 1599 988 1702 vidimus,
1012 1567 1287 1678 Christianum
1395 1666 1399 1681 .

226 1723 430 1830 judaicum
459 1755 481 1804 a
514 1728 821 1804 Christianorum
847 1727 1024 1830 partibus
1056 1721 1167 1801 nulla
1200 1725 1298 1800 alia

194 1865 199 1875 '
227 1849 379 1926 ratione
401 1848 566 1928 deficere
587 1851 774 1956 potuisse,
799 1851 875 1926 nis1
864 1848 1106 1954 rejiciendo
1120 1866 1291 1933 senten-

228 1973 299 2050 tias
322 1973 426 2064 illas,
462 1975 606 2076 quihus
631 1975 720 2050 solis
746 1973 953 2048 Christiani
979 1967 1127 2076 judaici
1153 2001 1175 2050 a
1202 1975 1277 2048 Ju-

229 2096 417 2176 dacorum
441 2099 617 2178 doctrina
641 2089 950 2199 recedebant(v.
966 2089 998 2200 ᾗ
1017 2097 1108 2197 21)
1121 2097 1278 2172 scilicet
1398 2102 1403 2130 “

227 2225 476 2314 sententiam,
499 2253 578 2330 qua
592 2227 786 2330 putabant
804 2224 938 2300 Jesum
955 2223 1073 2300 fuisse
1087 2221 1274 2315 Messinm,
1321 2271 1327 2280 „

158 2395 160 2400 ·
229 2375 275 2424 ac
299 2349 518 2426 doctrinam
542 2349 590 2426 de
615 2349 765 2453 duplici
788 2349 949 2424 Messiae
974 2348 1018 2423 in
1032 2365 1183 2454 terram
1207 2347 1272 2423 ad·
1318 2398 1321 2409 .

228 2490 360 2550 ventu.
411 2474 535 2576 Igitur
554 2475 713 2578 epistola
738 2471 790 2548 ad
811 2473 928 2548 talem
948 2471 1210 2548 Christianum
1228 2499 1270 2548 ec

229 2589 391 2674 consilio
405 2597 565 2700 scripta,
585 2614 632 2674 ut
645 2623 737 2672 eum
750 2625 774 2672 a
791 2597 956 2672 transitu
972 2594 1023 2670 ad
1036 2595 1267 2672 Judaeorum

228 2715 357 2826 pairtes
381 2721 592 2810 detineret,
629 2721 871 2826 potissimum
899 2721 942 2796 in
969 2711 1263 2796 demonstrandis

23 2935 30 2948 ἢ
230 2863 270 2922 et
296 2843 572 2922 confirmandis
604 2845 682 2921 illis
710 2844 910 2922 sententiis
939 2845 1082 2920 versari
1112 2845 1269 2930 debebat
1298 2947 1307 2974 x

232 2971 424 3096 (55)
1166 3049 1170 3054 .

144 3156 176 3188 ,,
298 3070 336 3186 S
347 3095 414 3170 ὅ.)
446 3101 476 3173 1.
502 3099 606 3174 Νιιιιι
634 3124 770 3174 verum
797 3093 980 3198 epistolae
1001 3111 1268 3235 argumentum

232 3248 323 3297 cum
337 3223 406 3300 illo
422 3225 618 3328 congruit,
640 3215 747 3326 quod
762 3243 808 3295 ex
824 3219 882 3294 rei
898 3217 1039 3314 natura
1055 3219 1266 3326 conjecera-

231 3331 364 3423 mus?

304 3475 340 3546 2
366 3473 529 3552 Minime
546 3471 717 3588 quidem.
765 3477 941 3550 Lectores
963 3471 1123 3578 quidem
1138 3471 1266 3575 episto-

232 3596 293 3670 lae
304 3595 356 3672 ad
369 3588 625 3688 defectionem
638 3597 952 3701 propensissimos
966 3593 1103 3686 fuisse,
1130 3623 1178 3671 ex
1185 3594 1266 3698 epi

213 3721 326 3828 stola
345 3738 476 3825 aperte
491 3738 617 3827 patet.x
630 3721 705 3798 Sed
721 3721 828 3824 quod
846 3721 1024 3824 scriptori
1040 3738 1131 3798 ante
1147 3719 1264 3817 ompia

104 3899 107 3911 ·
234 3837 519 3952 disputendum·
533 3863 572 3924 et
587 3846 932 3924 demonstrandum
947 3861 1044 3936 erat,
1069 3845 1102 3920 si
1116 3845 1262 3921 lectores

234 3971 284 4048 ad
308 3971 565 4052 defectionem
586 3972 768 4079 propensi
790 3969 937 4079 judaici
955 3969 1163 4074 Christiani
1181 3969 1261 4046 fuis·
1374 4049 1379 4057 ,
