2856 4716
681 215 690 228 ·
742 271 813 337 196

173 543 176 556 ,
252 455 300 532 lis
313 453 437 530 multo
455 452 720 557 praestantior,
748 443 792 524 ab
808 477 873 525 rex
890 448 1148 552 dominusque
1155 448 1317 526 mundi

252 577 377 654 futuri
404 578 444 674 (ἰ.
465 603 493 651 e.
512 575 854 690 regniMessiani),
883 601 932 652 ne
948 575 1047 650 forte
1066 602 1188 680 regno¹
1203 577 1314 652 Mes-

249 701 360 799 siano
387 699 575 777 excidant.
1007 725 1013 730 ·

246 839 249 848 '
327 833 361 904 2.
391 823 636 904 insecundo
663 827 788 930 capite
816 827 1023 929 exponitur
1052 851 1185 914 causa,
1223 854 1312 928 qua

235 947 379 1028 'monis
402 951 577 1040 Messias,
614 949 786 1054 neglecta
820 967 978 1053 augusto
1004 977 1073 1026 sua
1106 949 1309 1056 dignitate,

55 1173 58 1182 Ι
168 1125 171 1128 -
241 1069 368 1154 ¹honio
385 1074 510 1150 factus
534 1075 651 1148 breve
681 1090 831 1178 tempus
857 1075 1133 1178 infraa'ngelos
1154 1101 1194 1150 se
1210 1077 1309 1150 sub-

251 1185 413 1286 miserit,
441 1199 630 1274 nimirum
644 1215 689 1273 ut
707 1199 927 1274 humanum
945 1225 1085 1304 corpus
1099 1199 1306 1276 induendo
1410 1247 1411 1294 ;

217 1377 221 1386 ·
251 1341 290 1399 et
311 1324 353 1399 in
372 1349 535 1428 persona
553 1322 721 1414 hominis
740 1323 941 1398 moriendo
958 1305 1157 1432 populum*
1164 1324 1238 1399 Dei
1254 1351 1304 1398 ex

249 1463 437 1554 potestate
448 1447 607 1522 Diaboli
621 1464 744 1550 morte
758 1474 827 1522 sua
844 1449 986 1525 vicaria
1003 1449 1217 1537 redimeret,
1243 1465 1302 1524 at-

248 1599 330 1677 que
344 1573 397 1650 ita
413 1571 537 1649 fidum
554 1573 692 1676 populi
705 1572 780 1646 Dei
795 1571 1020 1676 pontificem
1034 1601 1074 1649 se
1087 1575 1300 1678 praeberet.

225 1761 227 1770 .
324 1691 356 1772 3.
385 1699 433 1772 In
465 1697 578 1772 tertio
603 1695 865 1772 admonentur
891 1698 1071 1786 lectores,
1111 1715 1158 1774 ut
1184 1697 1300 1773 fidem

181 1915 186 1922 ι
223 1819 427 1909 ¹Messiae‚
469 1847 589 1924 quam
612 1821 735 1896 Deo
724 1848 766 1894 111
793 1819 922 1896 officio
951 1823 1025 1898 hoc
1054 1823 1299 1928 exsequendo

247 1945 498 2050 praestiterit,
517 1959 564 2020 et
583 1971 685 2046 quae
710 1930 771 2019 vel
792 1945 933 2049 Moysis
957 1946 1046 2022 fidei
1065 1948 1298 2023 antecellue-

248 2070 315 2157 rit,
341 2070 416 2144 sibi
437 2061 667 2144 imitandam
687 2088 930 2172 proponant,
958 2099 1008 2146 ne
1029 2073 1298 2176 promissiones

247 2194 323 2275 Dei
347 2193 396 2269 de
418 2219 536 2296 regno
555 2193 782 2268 Messiano
772 2221 814 2268 m
837 2194 1003 2271 dubium
1023 2215 1177 2284 vocent,
1202 2223 1298 2272 neve
1410 2197 1411 2208 ’

125 2313 127 2330 '
248 2317 433 2398 fiduciam
458 2343 610 2404 earum,
643 2345 765 2421 quam
790 2311 920 2397 adhuc
945 2321 1174 2409 habuerint,
1200 2319 1298 2424 abji-

248 2443 370 2531 ciant,
404 2469 529 2545 quum
553 2469 612 2517 ex
625 2443 761 2519 eadem
779 2471 895 2521 eausa
916 2447 1178 2521 israelitarum
1197 2446 1299 2522 illud

246 2570 383 2670 genus,
409 2565 517 2670 quod
534 2591 606 2670 par
622 2566 818 2644 desertum
837 2570 1029 2674 migravit,
1050 2583 1209 2674 'propter
1226 2570 1297 2646 du-

247 2691 455 2766 bitationes
482 2689 533 2764 de
558 2691 633 2765 Dei
665 2693 983 2796 promissionibus
1008 2721 1030 2769 e
1059 2697 1177 2798 regno
1199 2696 1291 2770 Mes-

172 2841 177 2857 *
246 2816 355 2892 siano
376 2816 577 2891 exclusum
601 2815 667 2924 sit3
701 2833 793 2894 tum·
811 2819 976 2922 scriptor
1001 2811 1287 2895 demonstrans:

162 2999 170 3014 ,
246 2965 411 3043 regnum
429 2939 667 3016 Messianum
686 2941 816 3016 adhuc
838 2943 996 3030 instare,
1020 2945 1118 3046 quia
1137 2945 1295 3048 promis-

245 3064 301 3138 sio
320 3063 399 3155 Dei
419 3063 500 3140 illis
517 3065 698 3142 Israelitis
721 3063 809 3140 data
833 3067 1011 3142 nondum
1031 3085 1216 3173 usurpata
1239 3068 1297 3156 sit·

246 3187 408 3264 lectores
425 3187 623 3270 adhortari
641 3187 789 3276 studet,
817 3206 862 3264 ut
877 3217 1040 3295 regnum
1060 3193 1296 3268 Messianum
1410 3229 1411 3238 ¹

122 3321 127 3330 '
186 3324 195 3332 '
244 3307 534 3444 perseveranter
559 3329 787 3418 exspectent.

192 3479 194 3484 v
318 3436 354 3514 li
378 3435 578 3534 Quartum
598 3455 718 3541 eaput
734 3439 953 3514 uberiorem
973 3442 1130 3516 exhibet
1148 3439 1294 3544 exposi

230 3544 391 3637 tionem
412 3562 619 3638 doctrinae
642 3563 690 3640 de
716 3565 948 3681 pontifieatu
970 3567 1149 3654 Messiae,
1176 3585 1295 3667 qnam
1389 3577 1392 3580 ’

244 3688 408 3796 seriptor
430 3687 474 3762 in
497 3687 670 3765 seeundo
694 3689 819 3794 capite
841 3689 1117 3784 introduxerat.
1169 3692 1293 3792 Expo-

183 3911 187 3918 Δ
244 3811 354 3886 nitur
387 3812 649 3888 1³¹⁰=Messiam
685 3814 851 3888 max-ime
896 3815 1183 3890 misericordem
1216 3839 1292 3922 esse
1342 3872 1343 3876 =

76 4034 79 4044 ·
243 3933 467 4040 pontificem
473 3968 484 4031 3
509 3935 577 4009 11³⁰
587 3961 679 4012 eum
695 3939 815 4012 aDeo
835 3939 917 4042 ipso
934 3939 1187 4016 constitutum
1204 3961 1290 4025 esse,

140 4045 143 4058 ¹
171 4114 173 4118 -
222 4142 224 4145 .
246 4085 485 4164 aequavero
506 4061 724 4146 secundum
744 4063 921 4142 ordinem
947 4055 1121 4152 daronis,
1136 4111 1138 4118 ,
1156 4064 1223 4140 sed
1250 4065 1290 4138 in
