2856 4694
740 245 763 308 6

113 453 116 456 -
235 417 307 492 bus
327 415 484 520 quidem
505 417 612 494 libris
631 418 897 522 manuscriptis
917 419 1049 496 eadem
1071 436 1128 498 est
1148 439 1263 528 atque

234 540 349 615 hodie
370 542 524 630 usitata,
550 568 678 644 neque
700 543 915 645 quidquam
935 569 982 620 ex
1005 569 1048 622 ea
1072 573 1114 622 re
1138 549 1263 653 colligi

157 655 162 674 '
234 681 373 768 potest,
392 664 498 767 quod
514 664 556 752 in
573 664 722 741 duobus
738 665 845 740 libris
860 669 1142 773 manuscriptis,
1162 688 1262 747 vete-

233 815 315 864 rem
337 789 495 864 latinam
510 789 699 866 librorum
713 791 756 864 N.
776 793 817 864 T.
834 790 1045 868 versionem
1063 793 1261 872 continen-

233 909 351 999 tibus,
374 913 530 1018 epistola
549 913 799 1014 inscriptione
820 914 976 988 omnino
997 931 1117 1003 caret,
1140 943 1263 1017 quum

169 1034 173 1047 '
232 1037 275 1112 in
307 1038 426 1114 altero
457 1065 591 1114 eorum
624 1025 740 1112 etiam
775 1039 931 1143 epistola
965 1037 1016 1114 ad
1049 1039 1262 1116 Corinthios

231 1161 478 1265 inscriptione
509 1178 650 1250 careat,
689 1161 807 1264 idque
841 1163 957 1265 igitur
986 1163 1141 1237 nonnisi
1171 1191 1261 1240 casu

230 1285 376 1360 factum
401 1286 585 1362 videatur.
624 1285 699 1362 Sed
728 1286 988 1362 demonstrant
1010 1287 1069 1360 his
1101 1289 1259 1392 inscrip-

231 1406 398 1482 tionibus
412 1409 575 1483 nullam
605 1409 869 1484 auctoritatem
898 1408 1140 1484 tribuendam
1172 1437 1260 1498 esse,

228 1557 353 1632 quum
376 1530 494 1618 tituli,
517 1528 688 1608 librisN.
701 1534 743 1606 Τ.
762 1531 968 1634 posteriore
991 1531 1145 1608 demum
1165 1550 1258 1610 tem-

114 1713 118 1728 .
229 1679 321 1756 pore
339 1653 561 1757 praepositi,
586 1681 667 1729 non
683 1681 769 1728 raro
788 1679 809 1728 e
825 1651 1043 1754 conjectura
1062 1654 1153 1728 facti
1171 1657 1258 1744 sint,

229 1794 269 1850 et
290 1755 425 1850 nostris
454 1777 687 1880 temporibus
712 1775 798 1850 falsi
825 1776 983 1878 cogniti,
1010 1777 1158 1880 itaque,
1189 1781 1258 1854 etsi

227 1901 408 2004 epistolae
425 1917 575 1976 nostrae
594 1901 791 2003 inscriptio
808 1917 1023 2003 pervetusta
1040 1927 1117 1976 esse
1130 1901 1257 1978 videa·
1288 1906 1295 1915 “

229 2040 306 2112 tur,
329 2053 452 2127 quum
467 2027 599 2102 omnes
614 2023 704 2098 libri
718 2023 967 2126 manuscripti
983 2024 1025 2098 in
1038 2051 1081 2099 ea
1101 2051 1256 2125 concorf
1289 2037 1294 2049 '

226 2147 336 2236 dent,
369 2149 620 2244 nihilominus
651 2175 736 2230 eam
767 2147 818 2223 ad
856 2147 1142 2252 dijudicandam
1174 2177 1255 2237 rem

225 2298 306 2345 non
327 2265 463 2346 valere.

297 2395 432 2494 Itaque
446 2395 520 2470 bac
536 2394 596 2469 ria
612 2395 783 2496 quaestio
796 2395 843 2470 de
857 2394 1060 2472 lectoribus
1075 2401 1253 2504 epistolae

224 2515 426 2620 disceptari
446 2545 526 2592 non
543 2535 674 2621 potest
701 2581 703 2588 .

296 2615 332 2728 ἕ.
346 2642 385 2715 5.
412 2643 609 2718 Mittamus
625 2643 740 2745 igitur
754 2642 820 2716 illa
838 2644 1018 2718 ecclesiae
1031 2647 1252 2736 testimonia,

223 2766 364 2866 quibus
379 2766 424 2841 lis
439 2766 567 2840 dirimi
582 2788 662 2840 non
676 2782 808 2869 potest,
825 2783 872 2854 et,
886 2769 1012 2844 statim
1026 2770 1251 2846 adulterum
1285 2859 1288 2867 s

223 2891 414 2992 opinionis
434 2891 579 2966 fontem
599 2892 834 2994 transgressi,
862 2919 905 2966 ea
925 2911 1145 2996 argumenta
1165 2923 1252 2998 per-

221 3015 449 3117 pendamus,
477 3041 578 3116 quae
600 3041 647 3090 ex
668 3015 748 3118 ipsa
773 3015 929 3118 epistola
952 3015 1002 3088 ad
1025 3015 1251 3093 firmandam

220 3137 286 3212 vul
310 3158 414 3212 arem
433 3138 654 3240 opinionem
674 3135 916 3218 adhibentur.

287 3163 326 3348 ἒ.
342 3262 381 3335 d.
409 3263 495 3336 Jam
519 3287 609 3335 vero
633 3260 729 3334 mira
756 3287 814 3334 res
834 3262 943 3335 nobis
966 3265 1148 3352 occurrit,
1174 3243 1251 3340 ete-

220 3387 303 3462 nim
324 3414 446 3488 quum
467 3401 688 3486 argumenta
711 3409 781 3487 pro
803 3387 990 3460 sententia
1010 3387 1156 3489 ¹vulgari
1176 3389 1249 3462 cir·
1277 3487 1280 3492 Ι

221 3511 504 3612 cumspiciinus,
524 3508 633 3582 nulla
649 3506 873 3582 invenimus.
899 3508 1004 3584 Adeo
1019 3507 1100 3611 ejus
1113 3511 1249 3586 veritas

220 3652 323 3710 extra
338 3636 500 3710 dubium
515 3633 634 3736 posita
650 3631 854 3734 ridebatur
869 3634 1054 3721 omnibus,
1077 3650 1123 3708 ut
1136 3638 1248 3710 nemo
1261 3651 1264 3657 '
1303 3657 1305 3666 ’

219 3787 369 3834 necesse
402 3760 570 3846 duxerit,
619 3757 765 3832 disertis
795 3759 920 3832 verbis
957 3786 1041 3834 eam
1074 3759 1247 3860 probare.

218 3883 315 3957 Nam
336 3899 638 3984 quantacunque
661 3879 865 3954 difficultas
891 3899 964 3970 est,
989 3881 1051 3967 iis,
1078 3879 1129 3954 ad
1151 3889 1247 3984 quos

149 4095 152 4098 Α
220 4005 375 4108 epistola
393 4004 480 4080 data
507 4021 577 4093 est,
607 4027 702 4106 quos
726 4004 919 4080 Hebraeos
936 4019 1090 4120 putant,
1118 4004 1246 4081 locum
1282 4097 1286 4104 .

1102 4289 1175 4335 .=‚s
