2856 4694
672 287 695 350 9

244 437 278 562 S.
293 464 331 538 6.
360 466 464 536 Haeo
490 463 605 564 Hugii
630 464 924 564 argumentatio,
959 465 1025 537 etsi
1049 467 1192 566 specio·
1269 511 1273 522 ·

79 660 93 672 ,
128 567 131 576 ’
154 589 309 664 'sissima
324 587 498 674 ridetur,
518 586 629 662 valde
648 601 774 662 tamen
794 615 815 661 a
833 613 922 661 vero
944 587 1129 663 abhorret

245 717 286 785 1.·
307 711 480 814 Namque
506 711 613 814 quod
638 712 734 787 ritus
762 740 806 787 ac
833 738 938 788 sacra
964 713 1193 814 quibusdam

168 836 348 938 epistolae
368 837 460 910 locis
477 852 767 910 'commemorata
787 835 837 912 ad
856 836 1043 940 templum
1059 839 1193 914 Hiero·

168 961 438 1062 solymitanum
452 962 675 1062 cultumque
684 961 851 1038 Jehovae
864 963 906 1038 in
918 987 963 1036 eo
976 963 1194 1040 institumm

168 1083 368 1180 referenda
387 1107 463 1157 esse
481 1099 637 1187 putant,
657 1085 699 1158 in
718 1112 844 1160 errore
862 1103 1061 1162 versantur
1077 1087 1193 1164 intar-

164 1223 302 1309 pretes.
327 1205 431 1281 Nihil
446 1207 603 1310 quidem
617 1210 659 1282 in
673 1209 717 1283 iis
732 1209 832 1298 locis,
850 1211 919 1313 qui
934 1211 980 1286 de
992 1211 1194 1288 sacerdoti-

168 1331 239 1405 bus
249 1359 294 1405 ac
305 1333 440 1409 ritibus
453 1339 580 1435 agunt,
600 1333 707 1422 inest,
721 1332 826 1437 quod
837 1333 1028 1438 impediat,
1043 1337 1193 1438 quomi-

78 1481 82 1491 ·
168 1481 240 1530 nus
255 1455 302 1528 de
314 1456 455 1558 templo
468 1455 807 1559 Hierosolymitano
822 1458 976 1560 cogites3
993 1459 1059 1534 sed
1070 1487 1194 1561 quum

167 1582 321 1682 probas:
350 1581 479 1654 locum
501 1580 669 1680 aliquem
691 1579 889 1656 admittere
914 1582 1192 1688 interpretatio-

167 1700 257 1780 nem
278 1703 492 1806 quandam,
511 1732 591 1778 non
604 1705 729 1778 statim
742 1708 933 1806 sequitur,
956 1723 1001 1780 ut
1016 1735 1059 1782 ea
1076 1710 1193 1784 unice

168 1855 256 1905 vera
272 1829 335 1912 sit,
355 1825 575 1928 praesertim
591 1851 714 1926 quum
732 1826 796 1898 alii
812 1828 990 1929 epistolae
1006 1829 1081 1901 loci
1099 1831 1145 1928 (v.
1161 1857 1193 1904 c.

170 1955 326 2050 capto,
342 1977 374 2022 v.
388 1960 406 2018 6
419 1948 504 2045 etc.)
529 1945 576 2021 de
593 1947 838 2023 tabernaculo
854 1949 997 2048 (σκηνὴ)
1014 1977 1086 2026 nec
1104 1979 1194 2028 vero

172 2073 220 2146 de
242 2073 381 2174 templo
400 2061 521 2173 agant.

243 2203 274 2272 2.
300 2200 350 2270 At
366 2195 502 2270 dixerit
515 2198 668 2274 fortasse
684 2201 837 2302 aliquis:
858 2199 1047 2303 Epistulae
1062 2217 1194 2275 auctor

169 2323 216 2396 de
238 2321 446 2396 sacerdotio
470 2323 655 2425 cultuque
680 2323 846 2399 Jehovae
874 2321 1034 2411 disserit,
1070 2324 1193 2425 qualis
1266 2323 1273 2344 ¹

88 2497 91 2500 -
167 2447 283 2558 ipsius
306 2461 428 2520 aetate
445 2445 582 2548 viguit,
604 2446 794 2548 siquidem
814 2448 1002 2550 praesenti
1024 2463 1192 2551 tempore

168 2570 290 2644 utitur
299 2569 345 2668 (c.
354 2576 388 2655 9,
395 2567 486 2664 v.'6):
508 2569 550 2642 in
563 2571 734 2645 anticum
746 2561 1047 2660 tabernaculum,
1058 2572 1120 2660 ait,
1133 2597 1191 2648 sa·

109 2743 115 2752 -
169 2694 364 2768 cerdotum
382 2677 505 2792 quivis
522 2692 655 2782 intrat,
676 2693 793 2796 idque
810 2695 999 2796 quotidie3
1019 2696 1060 2768 in
1077 2695 1192 2798 posti-

169 2845 257 2892 cum
279 2832 408 2890 contra
429 2805 637 2891 nemo'nisi
660 2844 828 2892 summus
851 2818 1040 2906 sacerdos,
1065 2845 1110 2892 ac
1131 2818 1192 2892 vel

168 2941 357 3016 hicsemel
370 2949 519 3015 tantum
534 2943 575 3016 in
588 2970 701 3030 anno,
714 2985 757 3016 -,-
768 2969 887 3043 quare
901 2942 1192 3018 tabernaculum
1255 2943 1257 2948 ’

168 3066 216 3162 de
238 3066 377 3168 templo
401 3065 739 3168 interpretandum.
774 3068 877 3141 Haeo
899 3068 968 3168 qui
989 3065 1134 3169 objicit,
1155 3067 1191 3142 ci

168 3188 491 3292 respondendum:
517 3192 737 3292 scriptorem
750 3192 825 3264 alio
840 3217 994 3293 quoque
1007 3191 1090 3264 loco
1105 3189 1191 3291 (qui

169 3332 224 3388 est
242 3343 270 3388 c.
287 3322 321 3401 9,
340 3343 372 3388 v.
397 3315 456 3413 ιι)
483 3313 615 3389 eodem
634 3305 700 3388 illo
717 3316 906 3417 praesenti
925 3331 1092 3417 tempore
1111 3315 1186 3390 uti:

169 3466 343 3540 corpora,
372 3439 514 3539 inquit,
542 3440 781 3544 victimarum
808 3439 1062 3544 piacularium
1085 3455 1188 3512 extm

118 3651 122 3662 Ι
168 3581 286 3637 castra
310 3578 622 3654 concremantur,
652 3591 774 3664 quum
797 3565 831 3638 ei
850 3561 1056 3638 dicendum
1078 3573 1186 3634 esset:
1224 3607 1272 3667 ’,υ

167 3712 323 3788 corpora
345 3655 585 3774 victimarum
611 3689 969 3780 concremabantur.¹
1009 3685 1095 3756 Jam
1117 3680 1188 3754 du·
1264 3725 1269 3734 ·

168 3808 260 3882 dum
287 3809 389 3882 enim
415 3825 563 3910 tempus
588 3808 686 3888 illud
709 3809 868 3894 abierat,
895 3833 972 3906 quo
998 3803 1188 3876 Israelitae

166 3959 235 4034 per
246 3933 414 4033 regiones
428 3923 589 4004 deserta's
605 3931 816 4030 migrantes,
835 3930 865 4001 si
876 3954 955 4028 quo
967 3927 1049 4000 loco
1058 3926 1188 4028 paullo

167 4055 310 4130 diutius
325 4056 681 4138 commorabantur,
716 4054 758 4126 in
787 4069 993 4127 castrorum
1020 4053 1188 4160 tentoriis
