2872 4690
734 240 805 308 tes

252 417 340 494 Jam
355 442 445 494 vero
462 417 599 494 melior
611 441 695 522 spes
711 417 930 515 [expiatoria
952 445 983 488 v.
996 413 1056 512 25]
1071 413 1182 490 nobis
1197 409 1297 490 data

126 607 130 616 .
253 558 310 618 est
334 544 405 642 [per
418 547 580 620 meliorem
597 549 735 618 Messias
749 541 993 640 pontificatum}

158 678 244 761 zea.
257 669 427 740 melioris
441 666 546 744 enim
558 665 662 772 pacti
682 669 841 766 [foederis,
859 661 1203 754 tartesiacum.
1217 662 1297 758 79.]

256 815 415 896 sponsor
434 808 490 868 est
505 790 659 868 Messias
687 789 849 890 (lesus),

146 941 243 1009 icat.
307 917 339 990 1.
366 939 490 1016 quum
506 911 763 990 sacerdotium
779 909 862 1016 ejus
880 907 1134 1015 jurejurando
1150 905 1298 984 confir-

305 1054 455 1114 matum
478 1037 552 1134 sit3
588 1034 843 1142 jurejurando
878 1033 984 1110 enim
1007 1032 1162 1108 Messias
1191 1057 1296 1138 pon-

304 1161 399 1240 tifex
419 1161 648 1240 constitutus
673 1176 729 1236 est
764 1158 866 1261 [quod
894 1161 1046 1256 probatur
1073 1187 1131 1256 per
1161 1162 1297 1232 effatum

304 1289 386 1360 illud
400 1293 526 1385 saepius
538 1295 602 1384 jam
614 1290 790 1374 laudatum,
806 1291 940 1372 tatto,
951 1283 1014 1386 4.],
1023 1283 1130 1388 q'uod
1142 1309 1223 1360 non
1235 1283 1294 1358 ita

305 1410 433 1487 evenit
447 1410 642 1515 prioribus
654 1409 914 1488 sacerdotibus
921 1442 933 1506 3

306 1537 340 1610 2.
367 1559 492 1636 quum
517 1533 625 1638 prius
652 1531 909 1609 sacerdotium
941 1533 991 1610 ob
1022 1532 1295 1610 mortalitatem

304 1657 547 1736 sacerdotum
580 1657 767 1735 mutabile
795 1655 935 1750 fixerit,
970 1673 1103 1734 contra
1131 1656 1294 1732 Messiae

305 1781 563 1860 sacerdotium
588 1781 830 1858 immutabile
853 1797 892 1857 et
914 1797 1090 1857 constans
1110 1782 1173 1870 sit,
1199 1782 1294 1884 quia

305 1905 479 2010 pontifex
502 1917 558 1982 est
576 1907 619 1982 in
637 1923 839 1984 aeternum
846 1939 857 2001 3
880 1921 1116 2010 quapropter
1136 1903 1293 1980 Messias

303 2045 494 2136 perpetuo
523 2032 644 2108 salvos
670 2056 733 2106 eos
762 2029 923 2106 reddere
952 2045 1094 2134 potest,
1125 2029 1194 2132 qui
1220 2055 1294 2134 per

305 2179 396 2230 cum
409 2155 460 2231 ad
474 2156 604 2233 Deum
618 2155 819 2244 accedunt,
841 2181 975 2258 quum,
1000 2155 1043 2230 in
1058 2169 1291 2258 perpetuum

306 2277 453 2368 vivens,
476 2297 663 2386 perpetuo
687 2307 758 2385 pro
778 2280 831 2356 eis
854 2279 960 2388 apud
978 2279 1107 2356 Deum
1128 2279 1291 2356 interce-

192 2399 196 2406 ’
309 2403 400 2479 dere
417 2405 541 2508 possit

150 2539 248 2616 atat.
260 2526 316 2601 Ac
331 2527 415 2602 talis
431 2526 590 2630 quidem
603 2527 776 2634 pontifex
793 2531 942 2617 melior,
964 2543 1133 2616 sanctus,
1160 2555 1183 2604 a
1202 2553 1290 2632 pec-¹

260 2650 354 2726 catis
370 2677 535 2741 vacuus,
556 2654 671 2729 coelis
693 2652 875 2729 excelsior
896 2653 1037 2740 factrus,
1064 2679 1160 2756 opus
1182 2650 1291 2726 nobis

260 2787 363 2862 erat,
397 2775 590 2878 pontifex,
622 2777 692 2880 qui
724 2803 805 2852 non
828 2802 979 2854 necesse
1004 2777 1182 2864 haberet,
1220 2775 1291 2850 sic-

262 3043 434 3128 'abrogatam
451 3069 515 3110 esse
530 3046 602 3110 dicit
617 3041 670 3115 tul
684 3047 717 3113 ri
735 3047 828 3124 αὐτῆς
843 3041 983 3126 deerit,
1003 3049 1060 3110 ie.
1077 3051 1145 3130 quia
1159 3051 1220 3109 rim
1233 3071 1290 3111 non

262 3152 367 3216 habuit
382 3152 526 3236 expiandi.
567 3157 651 3234 Quae
666 3160 754 3218 etiam
766 3178 801 3218 ea
816 3177 849 3218 re
864 3153 1031 3216 consumavi
1045 3153 1190 3238 videnum,
1210 3155 1288 3240 quod

264 3263 392 3343 scriptor
405 3259 444 3323 de
458 3262 521 3344 lege
533 3261 709 3324 sacerdotali
721 3284 808 3346 agens
819 3265 849 3324 in
863 3263 962 3344 priore
972 3262 1166 3342 versuyerbo
1179 3263 1288 3338 ἐντολῆς

263 3371 372 3450 utitin,
392 3367 440 3455 hic
455 3391 526 3432 vero
541 3370 666 3432 verbum
684 3367 771 3457 νῦμαυ
783 3381 915 3452 ιιειιιῬαῐ,
935 3390 995 3451 qua
1008 3373 1167 3432 mutatione
1183 3370 1287 3433 verbo-

264 3499 332 3540 rum
358 3477 445 3538 simul
470 3482 661 3548 mutationem
685 3501 786 3542 rerum
808 3477 931 3540 indicari
956 3501 1028 3540 vero
1058 3479 1152 3541 simile
1175 3492 1227 3542 est
1265 3481 1285 3539 E
1321 3457 1326 3466 l

264 3598 366 3649 nostra
381 3589 616 3670 interpretatione
636 3587 740 3650 ambae
762 3590 918 3650 sententiae
934 3589 975 3649 ita
996 3587 1168 3666 cohaerent,
1186 3600 1221 3649 ut
1235 3610 1286 3670 po·

266 3696 371 3757 sterior
384 3697 526 3758 rationem
543 3707 573 3756 et
590 3714 710 3756 oausam
724 3696 830 3776 prioris
847 3691 1002 3776 praebeat:
1025 3693 1087 3755 Lex
1102 3691 1224 3773 (ἐπολιῦ
1243 3715 1289 3756 sa-

266 3801 424 3864 cerdotalis
448 3801 586 3884 abrogari
604 3822 722 3866 necesse
743 3813 825 3880 erat,
854 3803 923 3882 quia
944 3797 1047 3863 debilis
1064 3802 1133 3874 fuit3
1159 3803 1291 3865 universa

267 3911 345 3970 enim
359 3909 408 3970 lex
425 3908 541 3993 (νὸμσς),
568 3913 656 3992 igitur
669 3912 756 3970 etiam
768 3908 817 3971 lex
832 3905 1036 3988 sacerdotalis,
1055 3907 1224 3988 absolvere,
1242 3909 1290 3970 ie.

231 4037 233 4044 ¹
269 4012 308 4077 ad
324 4018 516 4098 expiationem
537 4015 686 4082 adducere
703 4039 762 4078 non
781 4018 882 4097 potuit.
1052 4015 1055 4020 ’
