2872 4690
437 893 671 1002 Pan
706 892 752 1002 s
838 823 921 1002 rr

503 1463 694 1538 CAPUT
744 1465 867 1537 VIII.

183 1629 190 1656 Ι
226 1640 342 1753 ἕῶὅ.
373 1609 690 1761 Expositisjam‚
704 1682 807 1756 quae
822 1655 873 1730 ad
881 1655 1114 1734 firmandam
1126 1659 1212 1735 vul-

154 1813 285 1886 garem
298 1785 533 1887 opinionem,
552 1809 631 1883 qua
646 1781 848 1884 epistolam
861 1781 909 1856 ad
922 1783 1128 1870 Hebraeos,
1145 1784 1167 1858 i.
1180 1811 1210 1858 e.

155 1910 330 2010 judaicos
340 1911 586 1995 Christianos,
599 1908 816 1986 datamesse
823 1923 976 2010 putant,
986 1907 1112 1982 aViris
1121 1907 1212 1990 doc·

156 2035 203 2110 tis
220 2037 370 2138 prolata
400 2036 630 2140 reperimus,
644 2013 757 2136 'quae
782 2032 834 2108 ad
856 2031 1100 2134 probandam
1124 2059 1211 2108 eam

154 2162 334 2236 nonsatis
348 2161 477 2244 valida
493 2187 572 2236 esse
585 2160 786 2238 evidenter
801 2158 912 2232 nobis
927 2157 1207 2234 demonstrasse
1255 2225 1267 2232 .

152 2283 349 2373 videmur,
369 2285 471 2361 nibil
486 2284 598 2360 aliud
615 2299 750 2370 restat,
771 2281 846 2357 nisi
859 2297 905 2358 ut
918 2282 1061 2358 relictis
1079 2281 1210 2358 docto-

152 2437 241 2484 rum
266 2410 453 2486 Virorum
482 2408 812 2512 disputationibus
841 2434 888 2482 ex
917 2407 1000 2512 ipsd
1025 2405 1208 2512 epistolae

151 2551 397 2636 argumento,
419 2536 586 2612 rationes
603 2533 778 2637 proferre
796 2532 1036 2623 studeamus,
1061 2536 1207 2638 quibus

151 2658 201 2732 ad
216 2676 367 2734 certum
388 2661 551 2762 aliquod
571 2659 709 2742 dehac
728 2686 770 2733 re
788 2657 983 2762 judicium
1001 2660 1206 2764 pervenire

148 2811 347 2885 posumus.
815 2880 817 2888 Ι

219 2881 257 2996 §-
271 2908 339 2984 56.
367 2912 441 2986 Vel
458 2911 623 2988 strictim
641 2911 812 3014 perlecta
833 2910 994 3012 epistola
1013 2910 1055 2986 in
1072 2911 1205 2986 oculos

148 3039 326 3126 incurrit,
348 3037 576 3138 scriptorem
592 3033 634 3109 id
647 3029 891 3138 potissimum
910 3059 1037 3138 agere,
1063 3052 1110 3110 ut
1129 3061 1202 3122 eos,

148 3166 292 3267 quibus
311 3163 456 3249 scribit,
479 3191 500 3236 a
521 3160 734 3236 deserenda
753 3160 1063 3236 Christianorum
1085 3186 1202 3236 causa

147 3306 308 3368 revocet
357 3291 497 3392 Itaque
528 3313 659 3362 omnes
689 3287 872 3390 epistolae
901 3287 1131 3390 interpretes
1150 3285 1202 3372 ,id
1283 3303 1286 3309 ·

147 3417 414 3503 consentiunt,
443 3431 490 3488 ut
513 3439 593 3500 eos,
623 3413 674 3488 ad
697 3439 795 3521 quos
824 3414 967 3516 scripta
988 3429 1059 3497 est,
1089 3410 1200 3486 Chri-

144 3541 287 3616 stianos
310 3541 427 3618 fuisse
456 3539 590 3616 dicant
613 3539 670 3614 ad·
685 3537 944 3642 desectionem
965 3565 988 3612 a
1013 3536 1199 3638 religione

29 3657 34 3665 ⁵
144 3665 355 3738 christiana
372 3663 630 3767 pronissimus,
651 3661 760 3768 quod
779 3661 937 3736 nonnisi
955 3661 997 3736 in
1015 3660 1198 3736 Christia-

142 3816 212 3864 nos
224 3788 393 3866 Judaeos
408 3814 548 3892 genere
561 3785 756 3888 quadrare
772 3786 1022 3862 arbitrantur.
1049 3784 1197 3860 Viden-

142 3913 240 3994 dum
271 3915 405 4018 igitur‚
435 3943 534 3992 num
561 3913 659 3991 baec
687 3911 821 4016 opinio
847 3937 939 3988 cum
967 3927 1201 4014 argumento

141 4039 326 4142 epistolae
350 4038 575 4128 consentiat
