2856 4716
614 271 628 300 D
688 173 785 248 'm
834 153 838 170 i

222 357 397 465 Ephesiis
410 357 653 462 evangelium
667 357 925 471 nuntiaverat,
951 385 1136 477 eumque,
1153 357 1287 466 quum

223 513 360 562 eorum
375 501 530 560 coetum
549 482 824 572 constituisset,
851 511 897 558 ac
920 481 1068 560 diutius
1089 485 1194 561 inter
1215 513 1281 563 eos

112 629 114 636 ’
192 633 196 646 ’
223 611 402 714 magister
422 609 592 699 vixisset,
621 635 772 687 summo
797 605 885 712 jure
912 637 1050 688 eorum
1076 601 1282 712 tyooparoi
1399 611 1400 616 ’

224 735 420 814 nominari
435 735 614 839 potuisse,
628 743 743 809 nemo
755 751 811 809 est
823 735 893 838 qui
906 753 1027 840 neget.
1041 736 1281 843 Scriptorem‘
1339 723 1343 730 ⁸

125 857 128 864 ’
222 855 346 940 verbo
366 865 590 960 ἡγουμένων,
622 861 768 966 plurali
794 887 969 936 numero
984 879 1117 952 usum,
1153 866 1294 942 etiam.

201 1021 204 1030 ·
225 992 393 1076 Petrum,
416 988 488 1092 qui
501 1013 582 1066 una
599 1013 690 1061 cum
700 986 820 1062 Paulo
828 988 970 1062 Romae
981 964 1141 1080 obierat,
1161 990 1282 1092 signi-

227 1113 343 1190 ficare
365 1113 550 1202 voluisse„
570 1099 732 1195 minime
759 1139 782 1186 a
806 1111 966 1187 veritate
989 1111 1200 1202 abhorrere
1223 1115 1281 1190 vi-
1399 1133 1400 1154 ¹

101 1302 107 1312 .
226 1239 362 1328 detur,
385 1237 670 1342 quiaPetrum,
697 1237 729 1312 si
750 1263 833 1314 uno
857 1264 949 1312 oum
968 1235 1089 1314 Paulo
1117 1241 1286 1346 Romam-

228 1364 344 1453 ierat‚
374 1363 483 1468 prius
506 1391 598 1439 cum
623 1363 744 1440 Paulo
769 1363 812 1437 in
841 1381 953 1439 coetu
978 1364 1149 1466 quodam
1174 1366 1281 1440 Asia-

162 1525 168 1534 ·
228 1489 305 1564 tico
330 1509 576 1592 congressum
599 1494 678 1564 ess'e
702 1500 752 1564 et·
765 1487 1010 1590 aliquamdiu
1029 1489 1165 1564 vixisse
1187 1517 1279 1564 vero
1399 1511 1400 1598 ]

231 1613 357 1688 simile
374 1628 439 1702 est,
463 1639 585 1716 quare
602 1613 719 1688 etiam
734 1613 899 1688 Petrus
888 1640 931 1694 m
951 1639 1117 1688 numero
1134 1639 1280 1705 eorum,

233 1763 304 1840 qur
293 1733 492 1842 Ephesiis
508 1738 751 1846 evangelium
766 1737 1050 1828 nuntiaverint,
1075 1737 1282 1814 memorari

229 1851 366 1964 potuit
620 1873 623 1882 '

301 1985 335 2060 3.
362 1987 420 2060 Ita
444 1981 566 2060 Paulo
585 1982 777 2086 Petroque'
792 1951 935 2058 llomae
948 1999 1113 2062 mortem
1135 1987 1284 2070 obeun-

230 2107 354 2197 tibus,
380 2125 511 2184 coetus
528 2105 787 2214 Ephesiorum
803 2107 938 2185 nihilo
935 2109 1074 2184 minus
1080 2111 1285 2234 tranquil-

169 2269 176 2278 ·
229 2230 339 2308 litate
365 2229 588 2330 fruebatur,
622 2234 756 2355 itaque
779 2235 941 2310 minime
965 2259 1097 2308 secum
1124 2231 1285 2337 pubinat,
1365 2333 1366 2342 ἵ

230 2355 339 2462 quod
359 2342 554 2436 interfecti
577 2361 746 2463 magistri
774 2373 1058 2468 memorantur,
1093 2384 1139 2432 ac
1165 2359 1283 2436 simul

231 2481 392 2557 lectores
418 2483 571 2560 nullam
597 2499 801 2558 cruentam
823 2481 1132 2585 persecutionem
1150 2500 1284 2586 pertu-

231 2604 319 2682 lisse
339 2599 538 2685 dicuntur.
588 2609 672 2684 Hoc
691 2623 804 2711 pacto
822 2605 997 2682 locorum
1010 2601 1169 2682 illorum
1183 2607 1285 2682 inter

230 2755 272 2808 se
286 2731 561 2836 repugnantia,
585 2757 687 2833 quae
699 2729 918 2807 secundum
932 2721 1130 2840 uulgarem
1145 2729 1193 2805 de
1206 2731 1283 2805 lec-

232 2855 382 2932 toribus
384 2856 653 2972 opinionem
669 2857 781 2932 nullo
808 2856 928 2932 modo
943 2856 1179 2932 sufficienter
1201 2856 1284 2931 tolli

234 2995 378 3084 potest,
408 2973 687 3083 simplicissime
719 2997 758 3054 et
783 2981 1087 3056 luculentissime
1113 2980 1281 3072 solvitur,

100 3160 105 3180 .
129 3091 134 3106 ,
233 3102 276 3178 id
292 3103 407 3206 quod
430 3092 601 3180 nostram
622 3105 854 3204 sententiam
870 3133 989 3208 quam
1012 3094 1183 3182 maxime
1193 3128 1278 3182 con·
1337 3151 1341 3160 ,

234 3220 388 3304 firmare
412 3227 510 3302 mihi
534 3217 697 3302 videtur.
871 3239 875 3244 '

173 3451 179 3462 ⁵
305 3349 343 3427 ll
366 3343 570 3455 Simulque
595 3350 830 3458 explicatur,
862 3381 984 3456 quare
1007 3353 1118 3430 Pauli
1141 3303 1297 3434 mentio

231 3476 277 3552 ¹in
297 3473 457 3581 epistola
472 3503 555 3553 non
578 3476 661 3568 fiat,
687 3505 812 3582 quum
832 3479 1151 3570 familiarissimus
1173 3479 1285 3557 Pauli

232 3583 450 3706 ‘discipulus
475 3621 806 3681 commemoretur.
1338 3702 1341 3708 Ι

309 3728 345 3805 5
370 3731 597 3836 Tempore
587 3732 718 3836 igitur,
760 3759 839 3836 quo
872 3733 1027 3836 Apollos
1058 3731 1126 3807 has
1144 3720 1289 3812 litteras

238 3847 355 3942 dedit,
382 3857 525 3932 Paulus
541 3877 706 3934 mortem
722 3855 801 3962 jam
821 3859 976 3934 obierat
1016 3857 1140 3934 Simul
1159 3829 1289 3933 Timo·
