2856 4716
131 353 146 388 l

542 195 909 286 ‚serf

158 385 499 491 cietatem'assumi
522 380 660 462 vellet?
686 385 774 461 Non
796 379 839 466 in
860 385 981 463 alium
998 383 1204 462 Christiani

159 514 369 590 credebant
381 511 512 585 Deum
526 535 571 584 ac
584 511 608 582 J
609 509 741 598 udaei‚
761 521 890 612 neque
905 522 1083 614 unquam
1094 512 1205 587 Chri.

155 631 273 714 stiani
299 614 530 710 Judaeosin
550 632 693 733 salsum
716 633 847 746 Deum
864 634 1024 712 'credere
1044 653 1204 712 conten-

62 833 66 838 .
134 761 320 871 oderunt.¹
344 761 447 835 Num
467 757 617 832 Judaeo
647 759 866 862 explicandi
888 779 999 836 erant
1018 763 1114 837 ritus
1132 762 1204 836 im-

154 887 355 962 mersionis
380 895 632 960 e't'manuum
659 884 1001 988 imponendam,
1035 913 1159 988 quum
1180 913 1203 960 a
1255 871 1256 878 ἵ

155 1038 279 1113 puero
300 1009 422 1084 omnis
439 1009 586 1109 generis
605 1009 861 1084 lavationibus
878 1009 1102 1085 lustralibus
1119 1028 1203 1086 ute·
1210 1084 1220 1106 ‚¹
1278 1041 1280 1049 ’

156 1151 284 1222 retur,
307 1159 441 1234 neque
465 1135 569 1208 ullus
592 1133 765 1210 Judaeus
787 1153 898 1224 esset,
928 1138 1028 1239 quin
1049 1137 1202 1211 institu-
1220 1173 1226 1194 ι

106 1280 114 1302 t
157 1259 261 1332 tione
284 1275 322 1333 et
341 1257 554 1332 communis
576 1261 676 1332 vitae
696 1285 771 1333 usu
790 1247 1088 1363 unuscujusque
1105 1262 1203 1336 ritus
1310 1319 1313 1332 ,
1385 1299 1394 1316 1

137 1378 254 1458 'sacri
268 1383 348 1458 vim
365 1399 404 1456 et
418 1373 737 1484 significationem
753 1400 896 1470 nosset,
921 1410 1045 1485 quum
1060 1385 1202 1460 harum
1231 1417 1234 1430 ¹
1308 1423 1319 1436 ·

58 1537 64 1552 ·
156 1535 288 1590 rerum
312 1507 471 1582 scientia
499 1505 549 1581 ad
570 1533 633 1588 eos
657 1507 754 1582 ritus
777 1500 949 1610 religiose
971 1509 1202 1585 exercendos
1298 1515 1300 1524 '

43 1615 46 1622 ¹
156 1658 253 1756 opus
268 1649 358 1705 erat
377 1631 438 1704 An
454 1657 636 1732 unquam
626 1628 761 1704 fuisse
780 1630 903 1704 credrs
913 1631 1118 1739 Judaeum,
1136 1634 1204 1708 cui
1224 1645 1237 1728 j

157 1783 241 1832 non
259 1755 339 1860 jam
358 1785 381 1830 a
403 1756 543 1829 teneris
565 1753 763 1830 doctrinae
790 1745 839 1860 de
865 1755 1143 1844 resurrectione
1163 1761 1202 1831 et

149 1881 302 1984 judicio
327 1880 461 1955 futuro
492 1897 615 1984 atque
638 1881 766 1955 omnia
796 1852 843 1954 de
870 1907 986 1984 regno
1010 1881 1242 1988 Messianoff

156 2003 331 2108 dogmata
347 2001 502 2108 penitus
518 2021 609 2078 nota
624 2031 669 2078 ac
684 2005 773 2078 trita
789 2019 928 2093 essent,
954 2023 992 2080 et
1007 2006 1072 2082 cui
1092 2007 1199 2080 insti-

157 2131 306 2220 tutione
323 2129 465 2220 harum
484 2130 616 2202 rerum
635 2153 730 2230 opus
752 2131 869 2232 esset?
902 2129 1008 2238 Haec
1028 2131 1157 2206 omnia
1175 2157 1198 2204 a
1275 2208 1277 2216 ,
1381 2117 1384 2128 “

154 2257 233 2331 veri
248 2254 502 2336 similitudine
516 2281 635 2360 quam
646 2253 810 2330 maxime
827 2253 1047 2363 abhorrent,
1067 2273 1106 2329 et
1119 2239 1198 2358 quo
1252 2263 1257 2274 “
1322 2315 1325 2326 ,

154 2380 271 2483 magis
287 2407 332 2455 ea
354 2381 484 2454 animo
506 2379 780 2484 perpenderit„
800 2367 844 2453 eo
866 2381 983 2482 magis
1008 2379 1198 2478 dubitatio
1225 2395 1227 2401 ’

155 2506 224 2579 tibi
247 2505 479 2593 movebitur,
513 2501 610 2580 num
627 2505 672 2594 ii,
699 2505 841 2607 quibus
866 2505 933 2580 tali
955 2504 1197 2578 institutione

115 2659 118 2664 ·
154 2655 249 2732 opus
277 2645 375 2714 erat,
408 2627 548 2703 Judaei
572 2641 650 2704 ess'e
672 2629 889 2747 notuerint,
918 2629 1016 2730 quin
1039 2655 1210 2732 persua(

152 2753 342 2843 tissimum
359 2752 429 2826 tibi
446 2751 535 2855 erit,
563 2777 625 2828 eos
641 2781 722 2827 non
738 2752 856 2827 fuisse
871 2751 1047 2830 Judaeos.

29 2881 34 2888 '
105 2921 113 2935 ·
223 2882 258 2952 2.
286 2875 415 2972 Quam
440 2882 714 2953 convenienter
737 2896 867 2954 autem
895 2878 962 2954 illa
993 2880 1121 2954 on'mia
1152 2880 1194 2954 in
1284 2945 1285 2948 ,

151 3003 333 3106 gentilem
363 3001 526 3098 cadunt,
564 3005 634 3106 qui
658 3003 707 3078 in
728 3027 936 3080 numerum
957 2996 1193 3080 Christiano·

151 3155 239 3200 rum
255 3125 413 3200 adscisci
429 3125 605 3205 volebat!
641 3125 734 3230 Ejus
751 3125 899 3229 generis
916 3127 1065 3221 homini
1084 3127 1192 3222 insti·
1232 3211 1235 3218 ,

92 3315 95 3324 ,
131 3283 133 3288 ¹
150 3251 248 3326 tutio
258 3245 494 3354 'disciplinae
511 3248 688 3352 judaicae
707 3251 768 3325 vel
787 3279 808 3326 a
828 3251 961 3356 primis
983 3251 1190 3338 elementis,

150 3403 250 3477 quae
267 3375 518 3478 etiampuero
534 3375 689 3479 judaico
706 3377 795 3452 trita
813 3395 940 3470 erant,
962 3375 1099 3477 utique
1112 3403 1191 3465 ne-

69 3558 71 3564 s
149 3499 308 3578 cessaria
330 3514 426 3599 erat,
452 3526 543 3572 nam
559 3516 712 3601 praeter
726 3499 864 3602 vagum
883 3493 1095 3590 rumorem,
1120 3499 1190 3600 qui

148 3641 231 3699 tum
259 3625 438 3727 temporis
464 3642 594 3700 ¹totum
622 3627 897 3730 percrebuerat
928 3625 1114 3718 orientem
1140 3623 1190 3698 de
1225 3617 1247 3652 ³

148 3748 350 3822 condendo
379 3745 550 3849 quodam
579 3743 716 3852 magno
746 3748 985 3826 Judaeorum
1016 3747 1187 3849 imperio,

149 3868 183 3942 ei
201 3869 309 3945 haud
327 3867 445 3946 facile
462 3871 679 3976 quidquam
699 3874 841 3949 horum
860 3857 1034 3974 omnium
1051 3890 1189 3976 notum
1270 3947 1273 3952 ,
1366 3907 1371 3926 ·

78 4035 83 4043 -
148 4017 225 4066 esse
235 4011 392 4095 poterat.
421 3989 528 4092 Quid
542 3999 649 4102 quod
660 4000 713 4074 sic
727 4000 883 4088 demum
896 4023 1019 4102 quum
1033 3998 1188 4072 univer-
