2872 4690
443 267 711 334 oetss

212 445 305 539 pnlus
332 447 412 530 Dei,
445 446 610 542 abaliquo
634 445 835 529 instituatur,
866 468 996 514 necesse
1020 461 1083 529 est,
1114 462 1146 514 et
1165 449 1191 516 is

212 587 261 640 est
279 571 429 654 Messias,
449 594 504 665 qur
495 570 672 637 familiam
686 571 766 654 Dei,
790 568 944 661 populum
962 572 1042 654 Dei,
1061 574 1194 641 ineunte

210 697 329 763 mundo
342 697 449 762 futuro
459 695 633 779 constituit,
650 719 765 762 noram
773 693 912 780 legem
885 719 914 762 er
927 695 1016 779 dans,
1031 710 1063 763 et
1073 719 1194 763 novum

168 787 176 806 ¹
209 821 271 887 Der
278 843 349 886 cnm
356 817 476 911 populo
485 819 795 909 suopactumsenens
806 817 859 904 (of.
864 815 889 912 ᾧ.
895 821 1120 902 16,7etannot.
1123 814 1198 912 94].

211 942 246 1012 Is
258 966 357 1027 vero,
381 940 450 1041 qui
465 939 592 1012 omnia
609 940 655 1036 [in
667 945 786 1010 mundo
798 938 948 1034 futuro]
938 937 1105 1013 rustituit
1120 940 1154 1038 [i.
1164 969 1189 1013 e.
1204 963 1236 1041 5
1243 969 1272 1024 4

211 1064 376 1159 Messias],
400 1063 573 1134 divinum
595 1066 781 1156 quoddam
805 1087 942 1132 numen
965 1059 1083 1150 est¹⁸⁰3

215 1189 359 1282 [Moyses
385 1206 511 1273 contra,
543 1191 578 1256 id
601 1189 688 1282 quod
710 1205 747 1256 ut
773 1191 963 1258 contrarium
984 1208 1092 1260 mente
1115 1217 1194 1286 sup-

212 1317 381 1409 plendum,
417 1316 586 1383 nonnisi
617 1338 752 1382 merus
784 1316 924 1400 homo,
963 1315 1124 1410 Deique
1161 1321 1194 1386 iu

215 1435 283 1531 ejus
305 1436 432 1521 familia,
456 1440 542 1529 apud
562 1442 629 1528 ejus
645 1423 810 1538 populum,
832 1461 981 1506 sernus
1004 1455 1044 1508 et
1075 1441 1194 1508 mini-

183 1531 186 1546 Ι
215 1579 302 1631 ster
321 1579 404 1644 erat,
429 1578 471 1628 ut.
486 1583 581 1650 saepe
597 1561 630 1626 in
648 1561 847 1651 saonscript.
864 1563 1060 1646 nominatum
1086 1565 1193 1658 itaque

213 1692 315 1779 major
328 1687 461 1774 dignitas
478 1686 613 1753 Messiae
628 1707 704 1775 prae
716 1684 827 1774 Moyse
844 1663 1056 1754 demonstrata
1070 1681 1143 1782 est]

226 1877 262 1910 ¹³⁰
278 1881 361 1940 Hane
381 1875 647 1966 inerpretationem
671 1899 771 1939 veram
795 1899 877 1956 esse,
905 1889 934 1938 et
954 1899 971 1939 e
990 1883 1197 1942 sententiarum

164 1990 239 2048 inter
256 2009 288 2048 se
305 2007 383 2046 nexu
404 1998 432 2046 et
449 2007 486 2046 ex
508 1987 572 2066 ipsa
587 1984 748 2046 verborum
768 1997 915 2046 structura
937 1999 1064 2066 apparet.
1101 1988 1197 2070 Supra

168 2097 295 2176 scriptor
303 2092 440 2154 dixeratr
449 2094 587 2152 Messinm
601 2103 682 2152 tanto
697 2093 809 2173 majore
824 2114 896 2174 prae
909 2095 1014 2175 Moyse
1026 2095 1084 2154 frui
1094 2095 1196 2178 gloria,

167 2213 277 2284 quanto
297 2203 441 2282 majorem
464 2199 633 2282 dignitatem
658 2202 808 2261 institutor
822 2199 967 2281 familiae
985 2202 1107 2265 haberet
1128 2227 1199 2286 prae

167 2310 292 2389 inutilia,
315 2313 333 2370 i.
345 2332 367 2371 e.
384 2331 456 2391 prae
480 2330 535 2388 eo,
563 2312 614 2400 qui
632 2307 672 2369 ad
690 2307 829 2375 familiam
848 2311 972 2390 pertinet
993 2317 1028 2387 (v.
1042 2314 1099 2387 d).¹
1116 2313 1200 2374 Patet

166 2421 254 2500 igitur
269 2395 328 2478 'suh'
340 2417 506 2477 institutore
524 2415 649 2476 familiae
668 2419 690 2495 (ὅ
710 2411 956 2492 κατασκευάσας)
971 2419 1110 2480 Messiam
1125 2421 1200 2480 sub-

166 2526 286 2606 intelligi
304 2523 420 2586 debere.
451 2527 536 2601 Quae
544 2527 609 2604 jam
623 2537 786 2605 sequuntur
802 2527 841 2604 (ru
854 2529 923 2603 nd.)
940 2521 980 2586 ad
994 2527 1200 2608 explicandum

167 2633 291 2695 verbum
308 2625 601 2699 tarantasiensem
618 2629 770 2711 dicuntur,
790 2635 878 2714 igitur
891 2646 921 2694 et
934 2636 998 2715 ipsa
1010 2633 1049 2695 ad
1061 2638 1200 2698 Messinm

167 2742 271 2802 referri
285 2737 408 2816 debent,
427 2742 510 2820 cujus
522 2737 621 2800 divina
635 2729 842 2821 dignitas'inde
854 2754 1080 2822 argumentatur.
1112 2747 1197 2806 Man-

168 2870 271 2910 carum
294 2859 323 2907 et
343 2846 548 2927 negligentium
573 2844 718 2927 ejusmodi
743 2850 1026 2927 argumentationum
1044 2850 1148 2933 'plures
1170 2855 1199 2913 in
1239 2847 1242 2854 ’

168 2967 269 3017 nostra
279 2954 529 3034 epistolaiureniri
538 2953 813 3035 demonstravimus,
822 2957 1200 3041 nquaeinarrnottttdis-

168 3065 321 3124 senuimus.
341 3062 450 3122 Contra
465 3066 490 3123 si
502 3085 622 3124 versum
639 3061 677 3124 tle
691 3065 756 3124 Deo
770 3065 915 3145 explicare
926 3067 980 3142 vis,
995 3065 1075 3125 nulla
1089 3069 1201 3130 ratione

145 3213 146 3222 η
169 3191 238 3231 oum
250 3149 494 3251 'praecedentibus
516 3171 662 3234 cohaeret.
701 3171 763 3232 Nec
779 3194 838 3233 non
849 3175 914 3254 ipsa
927 3172 1088 3234 verborum
1102 3186 1201 3236 struc-

169 3259 235 3338 tru·a
245 3288 377 3339 nostram
389 3279 656 3358 interpretationem
667 3280 862 3339 necessariam
870 3276 976 3340 reddit
998 3277 1115 3356 Quodsi
1124 3283 1201 3341 enim

167 3387 207 3446 in
216 3395 318 3445 nostro
336 3403 425 3444 versu
441 3381 479 3443 de
493 3383 558 3444 Deo
579 3383 709 3478 (Jehova)
729 3396 882 3466 ageretur,
903 3384 1028 3446 verbum
1039 3381 1110 3453 Stoa
1128 3391 1200 3448 arti-

169 3490 237 3590 eulo
254 3511 353 3552 carere
372 3500 560 3570 nonposset
580 3493 768 3552 contractio
784 3493 866 3572 epist
882 3489 922 3551 ad
938 3490 1064 3570 Rom.‚9
1079 3514 1106 3553 v.
1123 3501 1150 3571 5,
1170 3507 1201 3556 et

168 3599 198 3658 in
221 3609 235 3658 1
254 3619 298 3679 ep
312 3594 353 3658 ad
372 3596 501 3658 Timoth.
516 3596 547 3674 ὅ,
562 3605 608 3658 16.
623 3597 745 3658 Messias
765 3619 830 3679 parr
821 3595 937 3659 modo
953 3595 1040 3678 θεας,
1067 3621 1127 3660 uon
1144 3597 1201 3660 ad-

165 3701 246 3788 jecto
261 3703 395 3784 articulo,
415 3706 464 3768 ie.
476 3703 608 3769 divinum
619 3701 773 3787 quoddam
785 3726 904 3784 numen,
924 3701 1097 3770 nominatur.
1116 3709 1200 3768 Doc-

168 3818 249 3876 trina¹
264 3837 335 3876 vero
357 3816 439 3896 ipsa,
466 3833 541 3896 quae
563 3811 727 3874 secundnm
747 3811 824 3874 hanc
846 3815 1112 3894 interpretationem
1131 3813 1201 3875 huic

170 3925 268 3982 versui
297 3925 386 4000 inest,
415 3943 510 4004 neque
534 3922 637 3983 ceteris
656 3919 692 3980 N.
707 3921 741 3980 T.
763 3918 846 3982 libris
867 3941 961 4002 neque
981 3922 1038 4002 ipsi
1062 3921 1202 4003 epistolae

149 4085 154 4090 .
172 4042 290 4090 nostrae
300 4029 392 4088 aliena
408 4041 459 4089 est.
480 4028 522 4089 cf.
534 4037 651 4109 praeter
660 4026 745 4088 locos
756 4047 845 4110 supra
854 4023 990 4102 laudatos
1003 4026 1090 4090 Hebr.
1101 4028 1129 4108 l,
1137 4037 1164 4109 3,
1175 4035 1201 4092 8.
1236 4073 1239 4078 -
