2872 4690
694 195 800 324 ‘tot

127 433 130 442 “
168 447 234 528 t‚t.
248 437 296 536 [3.
326 442 474 532 Quantus
493 433 612 530 sumt}
646 433 829 538 Superior
849 435 930 536 ipso
954 432 1173 510 Abrahamo
1198 433 1283 524 fuit,

247 587 372 664 quum
389 557 456 634 bic
472 557 638 634 decimas
658 558 695 632 ei
711 556 868 632 dederit

210 705 250 758 ⁵:
296 684 393 767 llam
406 682 559 760 Levitae
572 680 731 783 quidem
751 680 802 756 ab
820 679 1047 784 aequalibus
1070 685 1102 780 [a
1120 685 1284 780 populari-

293 807 368 904 bus]
387 805 553 882 decimes
568 804 774 909 recipiunt,

146 955 232 1009 serr:
294 930 351 1006 ibi
366 925 456 1006 vero
472 927 652 1033 superior
662 926 839 1030 quidam,
864 925 916 1002 ad
926 953 1048 1032 genus
1064 929 1284 1006 Levitarum
1411 937 1412 996 l

265 1080 375 1132 ‹non
398 1053 617 1158 pertinens,
642 1051 692 1126 ab
711 1049 913 1138 inferiore,
937 1077 1064 1154 quum
1081 1031 1284 1129 Melchise-

294 1177 441 1256 dechus
457 1175 676 1252 Abrahamo
692 1176 793 1251 bene
808 1176 1059 1278 precatussit,
1079 1177 1187 1279 quod
1202 1205 1283 1254 non

296 1303 340 1378 fit
363 1303 439 1384 nisi
452 1302 626 1378 inferiori
647 1330 670 1376 a
690 1301 905 1406 superiore3

190 1494 233 1527 ,.
295 1430 454 1534 insuper
478 1427 631 1504 Levitae
655 1442 748 1502 sunt
771 1425 963 1514 mortales,
1000 1425 1065 1501 ille
1096 1453 1186 1504 vero
1211 1427 1282 1504 im·
1411 1479 1412 1486 κ

294 1553 464 1630 mortalis
488 1551 582 1645 fuit3

171 1745 179 1776 ‚
227 1747 233 1763 ,
296 1678 465 1781 denique
486 1677 559 1780 ipsi
572 1675 726 1752 Levitae
741 1675 776 1751 ei
793 1673 957 1750 decimas
973 1675 1174 1767 dederunt,
1190 1707 1282 1755 nam

297 1819 382 1880 tum
397 1803 586 1906 temporis,
600 1829 725 1904 quum
732 1799 972 1876 Abrahamus
983 1799 1150 1879 decimas
1166 1803 1282 1892 dedit,

295 1943 502 2032 proauctor
514 1925 735 2028 Levitarum
748 1923 791 1997 in
807 1923 1017 2002 Abrabami
1031 1927 1173 2002 lumbis
1196 1927 1283 2004 fuit

247 2055 333 2151 [Jam
349 2082 425 2126 vero
441 2057 575 2149 scriptor
588 2057 678 2142 baec,
696 2077 778 2149 quae
794 2055 833 2122 de
851 2055 1106 2125 Melchisedecho
1123 2059 1281 2150 exposuit,
1411 2053 1412 2094 Τ

248 2180 290 2246 ad
302 2179 454 2246 Messiam
473 2165 708 2244 accommodare
724 2175 858 2257 omittit,
885 2200 921 2242 ac
935 2193 1063 2268 prorsus
1086 2177 1286 2246 obliviscitur
1360 2159 1364 2168 ¹

249 2300 482 2383 demonstrare,
521 2298 680 2392 quomodo
716 2295 930 2379 conditiones,
966 2298 1080 2390 quibus
1107 2298 1281 2367 Melchise-
1411 2293 1412 2306 ³

247 2418 366 2486 dechus
391 2419 550 2510 pontificis
577 2432 683 2508 partes
705 2437 800 2500 agens
826 2439 905 2483 usus
935 2418 998 2500 sit,
1024 2420 1120 2486 etiam
1137 2419 1171 2484 in
1192 2422 1283 2488 Mes-

247 2537 326 2605 siam
349 2538 508 2629 pontificis
541 2559 670 2602 munere
690 2536 873 2622 fungentem
898 2539 1062 2630 quadrent
1091 2541 1195 2606 Etiam
1218 2541 1282 2620 bic,

247 2674 285 2726 ut
315 2662 378 2749 jam
404 2656 522 2749 pluries
557 2656 700 2744 (vide,
723 2661 763 2738 ὃς
791 2655 832 2736 2,
851 2661 890 2739 83
915 2661 956 2739 5,
976 2659 1045 2746 4.),
1072 2662 1205 2752 scriptor
1230 2661 1283 2728 in.

247 2777 338 2864 genio
360 2776 515 2844 lectorum
530 2775 659 2842 maximi
671 2776 830 2844 momenti
848 2800 897 2844 res
918 2779 1107 2864 cogitatione
1130 2780 1282 2872 supplen-

249 2899 305 2968 das
331 2896 501 2990 relinquit,
539 2918 634 2989 quam
656 2919 801 2983 magnam
821 2894 968 2966 lacunam
991 2888 1031 2966 ab
1058 2900 1282 2991 interpretibus

208 3009 215 3026 ”
249 3019 354 3084 adhuc
375 3041 440 3095 non
465 3017 716 3084 animadversam
736 3040 823 3100 esse,
847 3022 915 3108 jure
938 3019 1068 3086 mireris.
1109 3021 1154 3100 Ea
1175 3037 1282 3088 autem

247 3137 309 3204 hoc
323 3138 388 3204 fere
403 3113 498 3204 motio
515 3135 681 3247 expleatur
694 3159 822 3204 necesse
840 3152 905 3204 est:

249 3257 300 3323 Ita
320 3258 415 3324 etiam
436 3249 587 3340 Messias,
613 3277 714 3350 aeque
732 3255 1074 3343 ac'Melehisedechus‚
1098 3283 1162 3328 una
1180 3283 1235 3328 rex
1251 3276 1285 3327 et

248 3378 395 3470 pontifex
416 3377 507 3471 (quia
528 3400 645 3443 nomen
667 3377 803 3444 Messias
827 3393 918 3445 sonat
938 3402 1058 3466 regem,
1087 3405 1124 3446 ac
1148 3381 1284 3448 Messias

201 3561 208 3570 ,
250 3498 433 3564 redimendo
444 3512 481 3565 et.
490 3496 647 3588 expiando
659 3495 780 3588 populo
793 3498 855 3566 Dei
866 3499 1051 3567 sacerdotali
1065 3523 1197 3570 munere
1209 3525 1286 3593 per·

250 3618 378 3686 functus
398 3617 480 3705 est),

254 3741 292 3812 1⁰
308 3741 472 3834 parimodo
490 3739 671 3806 nominatur
687 3761 756 3806 rex
777 3729 972 3832 justitiae
983 3700 1101 3848 tjpw
1120 3752 1230 3820 ntum
1241 3737 1284 3826 ¹⁴²,

298 3950 332 3984 ¹⁴¹
372 3953 415 4016 cf.
430 3973 507 4034 quae
521 3951 623 4014 scribit
638 3951 805 4017 Ahar-bonel
823 3956 854 4014 in
869 3953 947 4016 libro
964 3957 1079 4037 Majene
1096 3956 1289 4039 bajescbuah‚
1334 3941 1340 3984 ³

257 4058 307 4119 fol.
318 4065 368 4138 64,
389 4059 445 4120 col.
461 4071 476 4120 1
491 4073 522 4124 et
534 4072 552 4122 2
566 4060 606 4122 ad
621 4061 793 4144 explicanda
806 4062 898 4132 verba
914 4063 1041 4127 Danielis
1059 4065 1100 4146 (9,
1113 4071 1187 4143 24.):
1209 4065 1287 4151 Sep-
