2872 4690
649 207 717 276 151

169 387 373 463 redimeret
396 386 601 480 [elusionem
614 390 654 458 de
669 389 863 458 redemtione
877 383 1198 481 doctrinanlsllll.
1269 457 1271 466 ¹

213 511 301 613 Non·
317 508 421 584 enim
436 509 587 622 angelos
603 507 820 610 aggreditur
836 506 901 582 ille
916 507 1060 602 [angelus
1074 511 1196 594 mortis,
1207 519 1237 600 1,
1250 531 1295 583 to.
1421 529 1422 532 ’

211 636 397 727 Diabolus]‚
419 632 486 708 sed
497 645 716 729 prognatos
731 633 956 726 Abrohomi
969 633 1007 726 [i.
1018 658 1046 704 e.
1064 635 1198 712 lsrae-

210 763 289 830 lita
299 761 329 852 s]
344 755 385 829 ¹²⁶.

162 881 269 978 Quid
276 881 415 958 multat
428 879 618 957 Omnibus
629 880 860 975 rebns[etiam
868 881 1190 974 mortemsubeundo]
1209 907 1252 956 17.

160 1005 342 1082 fratribus
354 1007 537 1100 [Israelitis]
550 1031 622 1106 par
633 1029 711 1079 esse
721 1003 895 1094 debebat,
909 1007 1074 1098 utsteret
1084 1007 1196 1079 mior-

164 1131 287 1208 ricors
300 1131 450 1224 otflclus
460 1131 640 1225 pontifex
657 1127 764 1234 apud
779 1129 918 1218 Deum,
940 1127 990 1204 ad
1003 1125 1194 1231 expianda

160 1253 419 1328 Israelitarum
438 1269 594 1360 peccata
617 1256 670 1348 [cl.
682 1254 709 1352 l.
722 1261 779 1342 19,
802 1284 816 1322 ι
835 1275 868 1326 et
880 1273 986 1326 annot.
1003 1255 1075 1348 93.]
1091 1249 1143 1345 ¹²³3
1210 1273 1266 1331 rest

170 1444 188 1452 A*
208 1404 332 1479 quum
354 1377 458 1476 enim
485 1377 565 1480 ipse
586 1377 779 1452 cruciatus
800 1404 846 1452 ac
867 1393 1035 1454 tentatus
1053 1377 1120 1466 sit,
1151 1377 1195 1454 iis

183 1522 190 1534 ²
209 1500 278 1602 qui
298 1489 499 1576 tentantur
521 1504 554 1595 [a
572 1503 725 1588 Diabolo,
748 1502 775 1600 l.
789 1509 852 1588 11,
866 1514 909 1590 3,
928 1522 1033 1575 annot.
1048 1505 1127 1596 etl,
1150 1527 1195 1576 eo

179 1665 183 1670 ·
209 1623 324 1726 tnagis
341 1623 469 1700 adesse
485 1639 608 1728 potest
628 1627 729 1719 [apud
743 1631 967 1710 Deumoontre
979 1631 1193 1701 accusationes
1261 1712 1263 1716 ι
1333 1709 1341 1732 x

209 1751 335 1822 Diaboli
355 1751 396 1819 ob
415 1769 544 1844 peccata
561 1753 735 1836 commissa,
754 1755 792 1822 cl.
804 1749 830 1848 l.
844 1755 901 1837 11,
914 1761 945 1836 3,
961 1769 1067 1822 annot.
1086 1750 1136 1842 4⁸,
1160 1771 1193 1832 et

178 1921 180 1934 ·
208 1891 313 1944 annot.
331 1873 413 1966 95.].

572 2005 615 2088 o.
656 1987 777 2102 Sor.
867 2037 871 2052 r

204 2143 321 2219 Hunc
340 2141 415 2216 Dei
433 2144 605 2236 legatum
632 2146 692 2238 [ita
709 2124 905 2230 nominatur,
930 2113 1005 2240 quia
1025 2149 1114 2216 Deus
1132 2130 1305 2242 perne-n.

155 2275 227 2336 enm
246 2271 286 2338 ad
308 2293 366 2337 nos
385 2269 536 2362 loquutus
552 2285 609 2352 est,
631 2271 662 2352 1,
676 2267 723 2358 a]
755 2274 794 2338 et
813 2264 1035 2360 pontificem
1061 2267 1195 2342 Jesum

134 2552 136 2562 .
217 2497 251 2534 ¹²⁶
271 2503 353 2562 Hanc
369 2503 636 2582 interpretationem
653 2502 716 2580 ipsa
731 2500 940 2558 sententiarum
956 2497 1123 2578 conjunctio
1137 2519 1195 2581 pro
1293 2501 1326 2561 ,1'

155 2607 212 2668 bat
253 2609 374 2668 Dixerat
395 2581 555 2688 scriptorp
570 2605 709 2666 Messinm
735 2601 873 2664 debuisse
899 2601 1049 2664 hominem
1074 2599 1139 2667 fieri
1154 2603 1194 2668 ad

154 2711 344 2776 redimendos
366 2735 438 2793 eos,
459 2717 509 2796 qui
530 2726 612 2788 ‚metu
636 2714 740 2774 mortis
766 2713 796 2772 in
818 2709 937 2772 Diaboli
956 2713 1094 2774 servitute
1110 2723 1194 2775 tene-

154 2832 268 2884 rentur·
291 2824 369 2896 [Jarn
386 2822 506 2905 qriinarn
528 2835 595 2884 sunt
612 2824 650 2900 ii,
671 2823 722 2902 qui
745 2822 774 2883 in
796 2817 915 2880 Diaboli
936 2803 1074 2881 serviente
1090 2831 1193 2880 tenen·
1301 2836 1309 2840 ·
1391 2811 1393 2819 ’

78 2929 86 2938 ‘
119 2969 122 2978 ·
154 2929 224 2989 tur'?
262 2929 342 2990 Nulli
362 2932 418 2992 nisi
438 2931 590 3009 homines,
619 2922 742 3018 σπέρμα
764 2923 926 3018 'lipparim
953 2947 1022 2987 nant
1043 2925 1190 2988 Diabolus

154 3038 231 3116 parti
253 3038 309 3096 Dei
332 3035 443 3098 bellurn
467 3039 592 3098 inferens
619 3043 661 3114 (ut
683 3033 810 3097 vidimus
832 3047 922 3116 supra
938 3035 959 3114 S.
972 3045 1021 3113 11,
1040 3037 1076 3108 3.)
1097 3055 1199 3116 neque¹

153 3143 251 3202 Deum
275 3145 373 3224 ipsum
394 3163 487 3227 neque
502 3137 626 3224 'angelos
646 3140 766 3232 aggredi
785 3154 904 3224 potest,
924 3143 1104 3224 quippequi
1124 3115 1196 3224 ipso³

153 3235 309 3311 validiores
331 3262 418 3328 sunt,
445 3253 484 3310 ita
502 3272 520 3310 e
537 3263 621 3330 porte
640 3252 697 3312 Dei
717 3269 805 3311 nemo
822 3251 850 3310 ei
869 3247 989 3310 relictus
1007 3261 1072 3330 est,
1101 3267 1191 3331 quern

153 3353 290 3430 invadere
302 3361 404 3440 possit,
427 3360 481 3418 nisi
492 3357 625 3420 homines
642 3381 659 3419 a
674 3360 730 3419 Dei
745 3357 877 3440 partibus
896 3368 1023 3429 stantes3
1045 3357 1076 3418 hi
1091 3361 1190 3439 igitur,

151 3484 246 3545 neque
262 3485 334 3524 vero
348 3461 457 3544 angeli,
477 3467 540 3546 ejus
555 3467 678 3546 impetui
689 3467 815 3546 expositi
827 3477 911 3543 sunt,
932 3463 965 3525 id
981 3461 1068 3546 quoti
1084 3485 1189 3528 verton

153 3583 191 3630 17
208 3573 350 3652 exprimit.
391 3573 435 3632 Ita
452 3593 554 3634 versus
582 3585 619 3632 17
642 3574 804 3634 arcbssime
822 3591 890 3633 curn
910 3571 1044 3634 versibus
1065 3595 1205 3654 praece-f

123 3734 126 3745 ,
151 3677 286 3740 dentibus
308 3680 453 3742 cohaeret
533 3709 535 3712 ·

156 3792 163 3823 -’
210 3783 245 3818 ¹²⁷
261 3769 364 3850 Brevis
378 3782 532 3850 delineatio
547 3785 698 3850 doctrinae
714 3786 752 3849 de
766 3789 892 3849 Messiae
905 3783 1001 3848 morte
1015 3789 1184 3868 expiatoria,
1272 3857 1276 3863 ,

151 3911 240 3972 quam
261 3896 388 3975 scriptor
408 3915 497 3956 verse.
516 3901 554 3954 14
571 3929 612 3942 -
632 3904 669 3956 16
689 3887 861 3971 adumbrat,
893 3912 962 3954 cnm
983 3897 1118 3956 universa
1131 3897 1186 3976 ju3
1290 3917 1292 3922 ·

150 3994 234 4058 daica
253 3995 405 4081 disciplina
421 4020 544 4083 prorsus
561 4003 703 4081 congruit.
744 3999 857 4062 Tamen
869 4001 995 4082 scriptor
1016 4019 1050 4062 ea
1069 3977 1184 4064 solone
