2856 4694
729 216 805 283 ὅθ’

116 457 127 481 .
239 395 476 500 septuaginta
505 407 633 496 gentes
661 407 784 466 terrae
812 392 862 466 ab
894 419 938 468 ea
968 409 1087 482 stant,
1125 393 1268 498 quibus

238 520 419 623 singulis,
451 517 615 592 Diabolo
644 542 838 592 summum
867 517 1072 621 imperium
1101 535 1267 609 tenente,

237 645 377 748 singuli
398 643 490 718 mali
510 642 634 744 angeli
653 657 854 745 praesunt,
876 669 972 744 quos
992 659 1140 746 gentes,
1160 645 1265 719 varia

237 796 371 845 eorum
383 766 585 843 simulacra
601 765 673 840 sibi
689 764 889 869 fingentes,
914 783 960 840 ut
971 766 1072 841 Deos
1087 769 1222 843 colunt
1233 767 1265 842 ¹².

137 1069 141 1078 ·
236 1015 403 1113 antina·
425 1025 539 1130 ios,
546 1085 633 1114 .....
649 1019 1006 1121 52³...nnninoo
1038 1049 1098 1114 nae
1129 1048 1264 1144 lupun

235 1135 437 1231 undoso
462 1135 575 1251 rasos
600 1135 719 1230 anui
752 1135 886 1229 ,aaut
910 1165 983 1228 *sn
1017 1135 1152 1228 anni
1176 1136 1262 1230 nni

235 1315 385 1345 ........
398 1279 502 1371 pune
527 1279 581 1374 sp
607 1275 781 1344 aaroni
805 1278 968 1347 aaroni
994 1278 1141 1371 paeon
1167 1279 1262 1370 tun

207 1368 1365 1490 nwwwwmwm.

233 1508 360 1608 ‚puin
384 1508 446 1581 nt
469 1507 618 1578 aanor
643 1505 721 1599 ps:
753 1512 803 1575 ‚o
829 1510 891 1578 oe
915 1510 1017 1606 orep
1042 1511 1084 1579 u
1111 1510 1258 1604 nantrp

233 1626 361 1696 ,ntor
386 1595 443 1692 ¹7:
468 1627 647 1694 urrinni
673 1626 723 1693 ni
749 1595 831 1693 535
856 1625 897 1712 1:
922 1623 1012 1692 nuo
1036 1600 1094 1690 aa
1117 1624 1256 1698 aanor

230 1731 283 1791 ie.
302 1729 386 1790 Felix
402 1739 446 1788 est
462 1749 527 1788 sors
544 1726 677 1805 Israelis,
691 1747 755 1788 ,rex
775 1739 892 1788 sanctus
910 1741 1008 1808 gratos
1027 1750 1078 1793 eos
1094 1729 1198 1810 habet,
1228 1741 1257 1792 et
1346 1770 1356 1784 ,

229 1857 321 1919 puros
339 1856 390 1897 eos
410 1833 537 1897 reddere
549 1835 626 1914 vult,
646 1855 682 1895 ac
695 1855 765 1917 prae
781 1836 915 1897 omnibus
931 1849 1047 1898 sanctos
1062 1839 1168 1918 facere,
1188 1843 1256 1921 quia

230 1948 256 2006 ei
272 1941 438 2004 adhaerent
478 1943 553 2004 Veni
567 1953 595 2002 et
614 1939 688 2004 vide.
725 1943 875 2022 Scriptum
890 1955 934 2005 est
946 1946 1009 2024 (Jes.
1022 1943 1076 2023 4⁰,
1095 1948 1147 2020 ³.)=
1166 1947 1255 2008 lsrael

145 2085 148 2092 ·
229 2050 268 2114 de
285 2073 345 2134 quo
358 2049 476 2131 glorior.
497 2047 615 2126 Quodsi
625 2050 749 2110 Sanctus
763 2047 802 2111 de
812 2051 918 2113 Israele
932 2051 1082 2132 gloriatur,
1100 2051 1253 2136 quomodo

228 2162 249 2220 ii
263 2181 295 2221 se
311 2158 443 2240 polluere
459 2169 599 2237 possunt,
619 2168 706 2238 atque
726 2154 886 2231 adhaerere
906 2161 981 2240 pasti
994 2163 1148 2242 impurae?
1168 2165 1253 2240 Qua-

226 2277 348 2348 propter
361 2267 562 2346 scriptumest
578 2265 687 2340 (3Mos.
700 2262 748 2341 ll,
760 2269 801 2324 44
811 2268 898 2346 sqq.):
919 2266 1042 2328 Sanetos
1056 2289 1110 2330 vos
1127 2267 1252 2350 reddite,

226 2384 257 2433 et
270 2383 331 2432 este
347 2372 447 2448 saneti,
465 2389 534 2428 nam
548 2387 602 2448 ego
618 2389 684 2428 sum
697 2380 823 2447 sanctus,
844 2392 915 2432 neve
930 2375 1039 2436 animas
1054 2388 1163 2438 vestras
1176 2399 1251 2438 eon-

224 2481 367 2542 taminate.

286 2573 411 2646 Contra:
430 2583 490 2660 Qui
506 2582 618 2645 cultum
634 2583 758 2644 alienum
775 2583 912 2646 observat
931 2585 1022 2666 [idola
1039 2589 1135 2671 colitl,
1156 2593 1249 2653 exite

224 2705 305 2775 parte
323 2693 390 2754 viva
406 2691 452 2772 [ea
469 2701 513 2752 est
527 2710 595 2770 pars
611 2706 694 2772 pura,
715 2711 804 2771 quam
814 2693 866 2772 qui
879 2696 1017 2774 sequitur,
1039 2699 1114 2758 vitae
1128 2698 1245 2762 norae
1263 2771 1266 2778 ¹

136 2809 138 2820 '
223 2803 253 2860 in
263 2821 353 2880 regno
362 2801 507 2860 Messiano
519 2800 663 2879 particeps
676 2798 727 2878 litJ,
745 2801 804 2860 exit
815 2822 833 2861 e
845 2813 988 2881 potestate
1002 2815 1111 2880 sancta,
1122 2817 1151 2865 et
1162 2805 1241 2867 subit

222 2908 308 2992 aliam
321 2919 494 2988 potestatem
508 2907 536 2986 [i.
546 2929 570 2968 e.
587 2918 760 2988 potestatem
776 2907 903 2988 Diaboli]
925 2911 970 2988 (cl.
981 2909 1045 2970 Act.
1056 2909 1108 2990 96,
1125 2915 1243 2985 18.).....

221 3013 266 3074 Ac
284 3011 406 3094 [dietum
423 3015 490 3086 est):
510 3012 554 3072 Ne
572 3017 763 3074 contaminate
783 3015 892 3073 munes
909 3027 1020 3077 vestras
1037 3017 1083 3078 his
1099 3018 1244 3097 omnibus,

221 3143 297 3203 quae
313 3122 425 3181 secrevi
440 3111 576 3197 a'vohis,
595 3131 628 3179 ut
640 3119 778 3199 polluant.
812 3121 851 3180 Ut
864 3121 937 3202 quid
952 3122 1100 3203 polluant?
1120 3127 1159 3186 Ut
1172 3127 1243 3208 pol-

220 3228 301 3289 luant
322 3239 420 3309 gentes
441 3225 596 3304 idolatras,
622 3247 690 3286 nam
707 3223 773 3286 illae
799 3239 867 3287 sunt
887 3231 1036 3311 impurae,
1068 3244 1097 3292 et
1120 3245 1242 3314 atpsste
1278 3234 1279 3243 ’

219 3339 335 3418 impma
353 3336 478 3396 veniunt
507 3332 619 3392 Felices
634 3343 701 3392 sunt
714 3331 868 3410 Israelitae,
888 3332 971 3414 ‹piod
986 3336 1189 3399 sanctissimus
1202 3337 1242 3401 de

219 3446 253 3504 iis
268 3442 356 3504 dixit=
378 3421 474 3501 sancti
485 3449 592 3516 estote,
618 3459 686 3498 nam
700 3451 729 3498 et
743 3460 798 3520 ego
815 3451 931 3502 sanctus
945 3461 1028 3514 sum;
1054 3441 1122 3505 ideo
1134 3427 1240 3528 ¹scrip-

219 3562 282 3612 tum
292 3563 336 3611 est
347 3556 374 3627 (5
382 3547 510 3626 Moeso,
518 3550 552 3622 4.)
563 3573 570 3607 2
585 3545 622 3606 Ei
631 3543 771 3618 adhaere3
788 3560 818 3608 et
827 3552 969 3631 scriptum
978 3563 1023 3613 est
1034 3552 1239 3633 (Ps.147‚2o.):

217 3641 284 3718 Non
301 3657 370 3717 fecit
385 3651 489 3742 itaulli
501 3651 631 3734 populo,
651 3664 681 3713 et
689 3649 801 3732 judicia
815 3675 868 3718 sua
879 3657 920 3716 eis
936 3679 996 3718 non
1009 3661 1208 3724 manifestavit

156 3802 160 3806 ·
277 3779 300 3812 ¹¹
319 3781 432 3843 Tilsune
451 3777 565 3854 Sohar,
584 3777 680 3838 Tikun
704 3777 766 3857 VI,
785 3778 836 3840 fot
855 3790 908 3858 17,
926 3801 992 3863 pag.
1003 3795 1030 3844 2.
1051 3781 1100 3863 (ad
1114 3785 1238 3848 Jesaiam

218 3913 242 3952 c.
251 3889 312 3971 ΑΨ,
332 3912 360 3952 v.
370 3891 417 3966 8)=

217 3987 365 4080 usam
383 4007 471 4101 ,pue
490 3977 547 4072 ai
570 3978 682 4072 ansi
699 4005 828 4078 aaron
850 4011 945 4091 ,roo
966 4011 1043 4080 ein
1065 4013 1152 4083 nna
1172 3953 1244 4084 ue
