2856 4716
731 221 805 291 262

304 401 337 476 6.
364 397 512 494 Haeo
484 423 515 474 si
530 423 619 474 vera
633 414 735 486 sunt,
752 385 916 544 epistola
935 415 1063 474 nostra
1082 427 1161 474 non
1179 401 1291 534 longe

140 609 142 612 ,
234 543 323 628 post
362 551 517 601 causam
556 499 810 626 dijudicatam
850 522 1010 630 scripta
1029 551 1111 602 esse
1154 519 1289 630 pot'est,
1355 545 1358 550 ·

133 681 159 717 x
235 678 361 753 quum
379 651 543 755 scriptor
557 651 806 726 Timotheum
824 651 1035 728 liberatum
1058 650 1288 728 redeuntem

235 793 428 880 exspectet
451 784 533 868 (15,
563 779 647 877 aa).
699 778 869 881 Epistola
904 779 1022 881 igitur
1051 806 1132 878 non
1165 781 1290 854 multo

234 919 321 1104 post
349 903 459 977 Pauli
493 921 656 979 mortem
681 922 835 980 exarata
861 921 933 991 est,
967 921 1157 982 autumno
1187 905 1283 985 anni
1407 993 1408 998 Ἰ

372 1027 459 1102 Chr.
485 1057 522 1102 n

194 1097 196 1114 -
235 1037 416 1239 millib.
444 1153 562 1226 Jam
550 1178 680 1255 ipsum
699 1093 845 1240 locum,
871 1154 957 1230 ubi
963 1154 1119 1258 Apollos
1144 1155 1288 1256 episto-

233 1277 312 1352 lem
325 1275 485 1360 dederit,
507 1275 625 1351 finire
638 1285 848 1380 possumus.
879 1278 1098 1354 Rectissime
1110 1279 1285 1354 Blselnus
1396 1375 1399 1382 Ι

234 1402 393 1476 everhis
406 1400 492 1474 illis
501 1400 697 1504 scriptoris
715 1401 791 1499 (ts,
812 1414 865 1474 23
870 1403 885 1500 )
905 1425 1021 1486 ,oum
1036 1429 1114 1504 quo
1138 1403 1284 1517 (Timo-

234 1527 359 1628 theo),
384 1527 416 1601 si
439 1525 552 1601 citius
581 1528 748 1614 venerit,¹
772 1537 836 1600 vo's
854 1528 999 1602 visam‘’
1018 1525 1284 1629 conjecturam

231 1652 333 1740 fecit,
358 1652 498 1756 Apollo
513 1619 731 1724 habitasse
721 1678 763 1724 1n
778 1651 877 1724 urbe
893 1650 962 1724 vel
958 1666 1087 1752 portu
1101 1650 1281 1751 quodam,

232 1805 351 1880 quem
387 1775 613 1852 Timotheus
644 1801 690 1850 ex
719 1776 803 1852 loco
835 1775 1064 1879 captivitatis
1088 1773 1283 1878 profectus

232 1919 271 1975 et
294 1901 356 1976 ads
368 1903 528 1976 lectores
557 1901 739 2004 epistolae
756 1900 931 1976 visendos
953 1899 1137 2000 navigans
1162 1899 1204 1972 in
1219 1899 1280 1982 iti-

231 2051 325 2114 nere
345 2024 531 2127 attingere
550 2023 723 2098 debebat
774 2022 935 2118 Quum
926 2024 1043 2126 igitur
1058 2021 1283 2096 Timotheus

232 2178 253 2224 o
281 2167 409 2224 nostra
433 2150 624 2240 sententia
643 2141 784 2223 Romae
805 2149 978 2254 captivus
994 2147 1136 2233 fuisset,
1162 2164 1201 2220 et
1221 2147 1289 2230 iti-

231 2273 333 2348 neris
365 2273 551 2348 terminus
576 2249 755 2411 Ephesus
787 2287 904 2357 esset,
939 2297 1019 2345 non
1049 2269 1147 2342 alius
1172 2255 1284 2344 locus
1407 2281 1408 2303 ¹

148 2395 156 2412 '
197 2449 201 2456 -
230 2397 357 2500 aptius
373 2396 415 2469 in
431 2395 584 2469 medio
574 2395 712 2468 itinere
726 2395 820 2468 situs
830 2418 907 2466 esse
918 2409 1069 2495 poterat
1082 2394 1279 2468 Corintho.

181 2535 192 2548 ”
230 2520 405 2596 Corinthi
423 2519 541 2622 igitur
555 2519 693 2622 Apollo
720 2525 999 2630 commoratum
1021 2541 1100 2592 esse
1126 2543 1280 2592 necesse
1356 2571 1362 2583 ‚

230 2663 294 2729 est
345 2646 473 2746 Atque
505 2641 547 2717 id
573 2642 717 2744 optime
741 2667 832 2714 cum
862 2637 907 2711 iis
941 2641 1139 2726 convenit,
1177 2668 1279 2743 quae

140 2763 158 2850 ’,
228 2797 346 2874 supra
380 2768 562 2852 diximus,
597 2765 735 2867 Apollo
774 2763 816 2838 in
850 2761 911 2837 his
944 2763 1095 2866 duabus
1129 2767 1277 2868 potissi-

228 2919 338 2970 mum
351 2894 531 2979 urbibus,
554 2889 729 2964 Corinthi
753 2907 792 2964 et
808 2887 969 2994 Ephesi,
991 2890 1158 2964 invicem
1173 2891 1274 2964 eom·
1321 2889 1326 2896 ’

209 2995 421 3094 'moratum
441 3041 528 3092 esse.
568 3019 706 3118 Itaque
728 3016 928 3120 epistolam
949 3031 1119 3092 nostrum
1142 3018 1274 3092 Corin-

230 3144 287 3218 thi
317 3151 509 3218 exaratam
544 3167 714 3231 esse,a
691 3141 1078 3239 averisimilitudine
1116 3127 1269 3218 minime

229 3269 420 3345 abhorret.

175 3477 180 3492 ,
230 3359 415 3481 §.lib
443 3395 473 3467 1.
501 3391 675 3467 Eorum
664 3392 790 3494 lgitur,
805 3343 906 3496 quae
922 3391 1051 3467 adhuc
1067 3391 1276 3494 disputavi-

227 3547 324 3609 mus,
340 3545 488 3596 summa
503 3535 573 3592 est:
601 3517 811 3619 Epistolam
825 3535 995 3612 nostram
1012 3515 1185 3618 Ephesiis
1207 3543 1277 3589 au-

229 3662 366 3722 tumno
386 3643 481 3718 anni
503 3657 548 3730 oy
569 3671 604 3746 p.
626 3642 711 3720 Chr.
732 3669 769 3716 n.
787 3642 963 3738 Corinthi
979 3640 1108 3741 daktam
1121 3666 1208 3713 esse.

301 3773 335 3842 2.
362 3765 511 3861 Quodsi
537 3765 615 3868 jam
638 3793 729 3840 cum
754 3765 828 3840 hac
856 3783 1013 3840 nostrae
1039 3763 1272 3867 disquisitio-

229 3874 288 3968 nis
302 3919 451 3970 summa
469 3887 750 3994 conjungimus,
776 3915 877 3990 quae
892 3889 976 3964 Viri
993 3887 1096 3964 docti
1112 3887 1160 3966 de
1180 3913 1274 3966 auo-
1291 3941 1297 3954 κ
