2872 4690
761 251 831 316 ffl
880 195 887 208 ·

328 433 391 500 nis
409 444 594 512 annotatur,
614 454 683 498 eum
698 434 857 522 pertinere
869 436 965 502 etiam
977 435 1099 516 adeor,
1116 435 1243 530 quibus
1264 439 1362 529 epi-

258 569 264 574 ·
326 556 407 626 stola
430 559 504 626 data
525 549 598 652 est]

259 733 265 746 .
326 677 482 754 Etenim
504 677 537 754 ai
559 677 711 782 tangitis
736 677 948 754 hostiarum
972 695 1111 783 purgat
1133 681 1350 784 pollutos,

258 856 264 870 .
325 818 474 906 quanto
501 803 618 906 magis
647 803 799 908 sanguis
824 803 984 880 Martiae
1010 805 1192 908 purgabit
1224 833 1346 880 con-

324 926 524 1004 scientiam
541 944 704 1004 veetram
721 929 772 1004 ab
794 931 969 1026 operibus
994 930 1157 1000 mortuis
1172 931 1249 1024 (t),
1284 944 1341 1000 ut

325 1056 379 1124 ad
392 1055 522 1126 Deum
536 1056 666 1128 vivum
684 1057 878 1128 colendum
894 1055 982 1150 apti
996 1051 1112 1123 aitis?

257 1233 264 1246 .
324 1173 422 1249 Nam
432 1173 507 1250 hoc
525 1176 607 1280 ipso
627 1177 786 1252 consilio
807 1176 897 1252 novi
915 1175 1018 1279 pacti
1036 1173 1231 1250 mediator
1247 1192 1329 1262 est,

319 1302 602 1374 utredemtione
613 1299 940 1403 peccatorumauh
949 1297 1327 1402 primopaetocom-

320 1421 522 1498 missorum
542 1449 613 1526 per
628 1439 790 1498 mortem
809 1421 927 1526 ipsius
946 1420 1116 1525 perfecta
1139 1419 1191 1522 [ct.
1203 1427 1243 1512 2,
1269 1449 1317 1504 14

321 1567 355 1618 et
370 1543 439 1645 15.]
466 1570 597 1620 omnes
622 1545 668 1631 ii,
702 1545 771 1647 qui
799 1545 850 1620 ad
873 1543 1125 1620 hereditatem
1152 1543 1317 1646 [civitatis

320 1673 352 1740 in
370 1695 466 1759 reguo
485 1665 660 1768 Messiano]
685 1668 808 1743 vocati
829 1683 939 1757 sunt,
961 1667 1020 1764 (in
1041 1693 1209 1770 quorum
1232 1697 1316 1744 nu-

320 1818 427 1868 mero
440 1807 479 1868 et
491 1818 557 1868 vos
572 1792 686 1890 estis3)
702 1791 930 1895 promissum
944 1790 1043 1892 [regui
1056 1799 1091 1868 M
1095 1799 1208 1866 esaiani
1224 1801 1313 1868 civi-

319 1915 431 2018 tatem]
458 1917 658 2020 accipiunt

294 2031 418 2142 '.[Tum
437 2049 479 2114 ad
494 2048 592 2116 verba
612 2046 782 2138 proprio
806 2046 1008 2130 sanguine
1036 2049 1220 2138 exponitur,
1250 2073 1309 2114 cur

319 2173 457 2244 Massiua
472 2172 671 2240 moriendum
688 2163 808 2265 suerit]
1206 2140 1209 2148 ,

319 2288 471 2391 [Moesiae
490 2320 566 2364 vero
582 2319 666 2362 mors
684 2295 859 2362 necessaria
876 2275 977 2388 erat],
999 2317 1090 2364 nam
1106 2287 1176 2362 ubi
1192 2306 1302 2364 testa-
1402 2289 1403 2380 ξ

316 2432 492 2492 mentum
516 2395 667 2514 [partum
683 2409 868 2511 διαθήκη],
892 2412 947 2486 ibi
963 2437 1115 2487 necesse
1127 2429 1184 2486 est
1201 2419 1297 2485 mori
1402 2389 1403 2420 ἶ

317 2551 552 2629 testatorem,
570 2537 769 2612 nonenim
785 2536 858 2610 nisi
873 2537 1014 2612 mortui
1030 2554 1295 2612 testamentum

316 2659 424 2732 valet
1402 2637 1403 2644 i

319 2779 411 2858 Ideo
436 2782 607 2886 primum
628 2808 785 2884 quoque
811 2799 968 2886 pactum
994 2809 1069 2855 non
1094 2787 1178 2854 aine
1202 2810 1292 2854 aan-

311 2912 429 3006 gzu'ne
442 2909 637 2984 initiatum
651 2925 715 2996 est,
731 2935 856 3010 quum
870 2907 1037 3012 populus
1050 2933 1199 3010 asperso
1208 2932 1289 2981 san-

311 3034 428 3140 guine
441 3052 679 3140 purgaretur,
696 3051 813 3136 atque
828 3031 1121 3110 tabernaculum
1135 3029 1289 3134 ejusque

311 3187 397 3236 vasa
416 3159 603 3264 sanguine
625 3184 776 3261 asperso
792 3175 939 3232 sacrata
958 3173 1100 3242 essent,
1123 3183 1286 3232 necnon

310 3312 450 3394 omnesq
457 3286 538 3360 fere
553 3309 613 3360 res
626 3284 815 3386 sanguine
828 3299 1094 3387 purgarentur.

247 3475 252 3488 .
314 3409 359 3483 Id
378 3409 483 3512 quod
504 3411 563 3486 his
584 3410 743 3512 quidem
763 3410 887 3496 rebus,
906 3435 1007 3510 quae
1020 3408 1176 3482 nonnisi
1199 3407 1284 3480 ima-

308 3534 412 3634 gines
427 3551 518 3608 sunt
533 3561 710 3608 verarum
724 3559 853 3608 rerum
871 3532 1101 3616 coelestium,
1117 3531 1282 3606 sufficere

309 3675 447 3758 potest,
674 3663 680 3670 ’

310 3806 368 3853 res
383 3808 471 3855 vero
491 3779 666 3854 coelestes
685 3781 794 3882 ipsaS,
818 3805 969 3853 sacrum
988 3777 1158 3863 coeleste,
1180 3803 1279 3880 prae-

305 3903 482 3978 stantiori
500 3901 692 3991 sacrificio
712 3901 925 3976 consecrari
945 3927 1096 3976 necesse
1115 3918 1210 3987 erat,

197 4063 242 4118 tt.
357 4029 499 4102 etenim
518 4055 596 4101 non
618 4029 659 4100 in
676 4027 834 4129 adytum
852 4026 900 4099 ab
917 4025 1139 4102 hominibus
1157 4023 1276 4098 condi-
