2856 4694
166 985 326 1150 Quum
347 1040 388 1112 in
411 1037 606 1114 tractanda
632 1036 787 1140 epistola
808 1037 990 1114 Hebraeis
1011 1040 1191 1144 inscripta

94 1249 100 1270 ¹
164 1187 350 1250 versarer,
379 1177 494 1264 atque
516 1161 574 1236 uti
593 1137 737 1247 omnes,
755 1160 824 1262 qui
842 1179 931 1236 ante
950 1187 1011 1238 me
1027 1163 1119 1240 huic
1136 1165 1190 1239 rei

164 1311 318 1388 operam
335 1312 443 1360 suam
463 1301 669 1373 navamus,
695 1285 737 1359 in
757 1284 1007 1388 explanandis
1025 1287 1069 1362 iis
1090 1287 1192 1374 locis,

163 1411 232 1510 qui
261 1439 351 1517 curn
379 1413 459 1514 ipsa
488 1412 667 1515 epistolae
699 1395 949 1514 inscriptione
977 1410 1193 1514 discrepare

161 1533 357 1622 videntur,
376 1534 517 1610 fnrstra
530 1533 773 1621 desudarem,
793 1533 951 1637 epistola
966 1533 1106 1608 iterum
1121 1533 1191 1608 ite·

99 1652 102 1676 '
144 1684 326 1760 ,rumque
343 1658 527 1760 perlecta,
547 1658 589 1732 in
606 1684 691 1732 eam
708 1653 897 1732 adductus
910 1681 996 1732 sum
1009 1656 1191 1760 suspicio-

161 1787 267 1868 nem,
289 1798 335 1856 ut
349 1782 470 1882 ipsam
482 1781 590 1852 illam
605 1777 894 1879 inscriptionem
907 1779 1079 1854 omnium
1094 1779 1191 1853 diffi-

81 1942 83 1948 ‚
163 1904 354 1979 cultarum
370 1902 516 1976 fontem
538 1927 614 1976 esse
633 1887 828 2004 putarem,
858 1917 975 2002 atque
996 1901 1193 2004 epistolam

165 2025 259 2128 falso
276 2025 487 2111 Hebraeis,
520 2025 542 2098 i.
564 2051 594 2099 e.
624 2023 844 2100 Christiania
871 2049 1009 2126 genere
1037 2022 1194 2100 Judaeis

164 2147 384 2249 inscriptam
399 2133 475 2220 esse
492 2145 712 2234 arbitrarer,
738 2173 862 2248 quum
877 2173 958 2221 non
973 2146 1098 2222 solum
1116 2163 1191 2222 tota

162 2271 251 2347 libri
263 2270 358 2344 ratio
371 2286 487 2370 atque
501 2269 712 2357 consilium,
729 2267 797 2344 sed
809 2269 923 2344 etiam
933 2285 1064 2373 aperta
1075 2297 1192 2372 quae-

161 2393 249 2466 dam
269 2392 411 2467 indicia
438 2419 522 2467 eam
546 2388 596 2468 ad
620 2393 851 2468 Christianos
872 2420 1011 2496 genere
1034 2393 1192 2496 gentiles

89 2521 94 2536 '
160 2515 288 2592 datam
305 2516 517 2592 esselidem
530 2516 702 2592 facerent
719 2517 972 2593 certissimam.
1006 2519 1056 2591 Et
1072 2517 1190 2594 habe-

160 2643 226 2714 bat
247 2640 342 2714 haec
366 2642 549 2744 suspicio,
580 2669 659 2744 quo
687 2642 811 2745 primo
834 2657 1005 2746 tempore
1028 2642 1192 2718 maxime

160 2763 384 2853 delectarer,
402 2793 526 2870 qaum
541 2791 671 2840 omnes
686 2765 924 2842 difficultates
940 2766 1072 2840 tollere
1086 2767 1190 2842 vide-

103 2941 106 2946 ·
159 2879 282 2995 retur,
310 2888 378 2964 sed
401 2907 490 2964 mox
510 2889 727 2966 sollicitudo
749 2916 810 2964 me
830 2888 968 2966 invasit
988 2916 1033 2965 ac
1055 2906 1189 2978 metus,
1256 2949 1260 2966 .

158 3040 207 3088 ne
225 3012 331 3114 quod
349 3041 370 3086 a
393 3040 455 3088 me
472 3013 552 3117 jam
566 3013 646 3088 veri
663 3011 778 3088 fidem
796 3015 1046 3118 impetrasset,
1073 3015 1190 3090 inane

157 3152 418 3214 commentum
434 3154 544 3228 esset,
571 3136 677 3240 quod
695 3139 910 3214 accuratius
928 3165 1129 3216 excussum
1147 3139 1198 3244 in‘

156 3261 325 3371 nihilum
335 3260 531 3336 recideret
556 3263 629 3336 Tot
644 3261 748 3338 enim
760 3279 915 3366 tamque
929 3262 1058 3340 doctos
1072 3263 1190 3340 inter·

157 3401 297 3487 pratee,
325 3386 357 3460 si
384 3386 513 3461 minus
536 3386 671 3462 veteris
694 3387 894 3476 ecclesiae,
924 3387 1071 3494 quippe
1094 3411 1190 3492 quos

157 3533 238 3585 non
260 3510 494 3585 acutissimos
512 3510 661 3586 criticos
683 3509 799 3588 fuisse
816 3511 973 3600 scimus,
1001 3527 1104 3588 certe
1119 3537 1188 3616 po-

155 3632 359 3708 steriorum
371 3634 612 3712 saeculorum
622 3662 703 3712 non
714 3635 860 3724 vidisse,
876 3635 983 3740 quod
989 3635 1085 3712 mihi
1093 3633 1189 3710 adeo

35 3741 41 3762 ‘
153 3755 397 3870 injpromptu
421 3759 586 3860 positum
608 3785 685 3836 esse
706 3776 744 3834 et
763 3776 897 3866 suapte
920 3759 1029 3864 quasi
1054 3775 1188 3860 sponte

57 3945 64 3962 ,
155 3879 197 3952 in
228 3881 356 3956 ocnlos
388 3882 586 3958 incurrere
617 3883 828 3970 videretur,
861 3914 882 3960 a
911 3890 987 3958 veri
1011 3882 1187 3960 similitu-

155 4001 246 4078 ‹nne
267 4005 377 4080 valae
396 3983 633 4083 abhorrebas.
675 4008 748 4082 sea
771 4009 890 4084 mene
909 4008 981 4082 sibi
1002 4003 1212 4085 diffidente·

242 4129 246 4134 ’
1044 4141 1075 4204 l.
