2856 4694
714 269 739 333 4

215 443 440 520 auctoritate
469 443 540 545 ipsi
568 442 640 516 sibi
669 441 858 544 judicium
887 441 1049 514 formare
1080 454 1238 542 possent.

213 571 390 658 Attamen
405 591 528 666 quum
541 566 689 638 nemini
707 565 835 640 adhuc
852 566 894 640 in
909 579 1075 638 mentem
1087 549 1241 647 venerit,

213 689 409 764 historiam
428 687 646 789 dogmatum
662 688 906 791 judaicorum
923 690 1171 774 concinnare,
1198 675 1242 760 ac

214 812 354 914 primos
372 808 453 912 ejus
472 810 527 883 rei
545 820 703 886 conatus
722 811 847 886 facere
865 811 1068 914 peculiaris
1086 809 1243 914 ejusque

212 935 407 1039 amplioris
429 933 519 1008 libri
544 933 693 1022 fuisset,
723 936 787 1012 hic
813 962 894 1010 rem
923 937 1104 1010 intactam
1129 934 1243 1008 relin-

211 1085 331 1162 quere
356 1075 509 1148 coactus
529 1084 625 1136 sum.

286 1184 334 1258 In
359 1181 615 1257 exscribendis
637 1180 826 1258 librorum
847 1183 1133 1282 rabbinicorum
1154 1182 1248 1256 locis·

217 1333 301 1380 eam
320 1307 512 1382 observavi
530 1307 668 1408 legem,
692 1323 753 1394 ut,
776 1334 876 1408 quae
896 1323 985 1384 nota
1005 1325 1142 1396 essent,
1166 1331 1250 1382 non¹
1294 1351 1298 1356 -

217 1445 447 1532 repeterem,
471 1455 516 1502 ac
534 1455 658 1530 quum
681 1429 891 1506 Bertholdti
914 1421 1057 1504 librum
1076 1429 1123 1504 de
1139 1429 1246 1504 Chri-

216 1553 372 1656 stologia
380 1553 620 1629 Judaeorum
631 1555 672 1628 in
683 1554 1042 1629 omniumVirorum
1051 1553 1249 1628 doctorum
1275 1617 1279 1634 .

217 1675 276 1750 his
291 1675 427 1752 studiis
443 1678 663 1754 vacantium
678 1668 855 1753 manibus
872 1703 949 1751 esse
965 1677 1118 1752 credere
1135 1675 1247 1750 debe-

218 1824 308 1892 rem,
327 1789 371 1874 in
385 1802 562 1898 omnibus
579 1802 624 1876 iis
639 1803 763 1890 rebus,
785 1825 879 1904 quas
895 1801 1133 1876 Bertholdtus
1147 1800 1248 1876 suffi-

219 1922 365 1998 cienter
391 1926 586 2013 tractavit,
614 1925 778 2002 adeum
803 1927 960 2000 lectores
987 1924 1156 2028 relegavi.
1201 1925 1248 2018 In

221 2048 484 2122 convertendis
504 2048 563 2122 his
588 2048 679 2122 locis
702 2075 722 2122 e
745 2049 877 2152 lingua
899 2048 1078 2122 hebraica
1100 2049 1142 2122 in
1166 2047 1250 2122 lati-

133 2155 136 2162 ,
220 2198 330 2259 nam,
357 2197 545 2246 summam
567 2171 802 2274 diligentiam
830 2173 872 2245 in
892 2197 936 2245 eo
955 2173 1082 2274 posui,
1107 2188 1153 2246 ut
1169 2198 1253 2246 ver-¹

221 2294 316 2368 bum
337 2295 452 2368 verbo
473 2293 687 2382 redderem,
710 2317 763 2368 ne
777 2293 874 2367 forte
892 2296 1083 2396 scriptoris
1101 2312 1251 2370 senten-

222 2416 275 2490 tia
298 2445 319 2490 a
339 2444 400 2492 me
424 2417 722 2507 adulteraretur,
752 2405 950 2518 maluique
976 2418 1252 2522 interpretatio-

223 2567 313 2614 nem
350 2541 555 2616 barbaram
592 2569 709 2642 quam
749 2541 876 2616 minus
912 2560 1129 2638 accuratam
1166 2569 1251 2618 esse.

222 2664 368 2740 Eadem
393 2692 445 2740 ex·
464 2691 577 2742 causa
603 2668 634 2740 si
659 2667 801 2769 quida
827 2693 888 2741 me
913 2667 962 2741 ad
989 2667 1255 2742 illustrandam

222 2790 450 2866 sententiam
472 2789 668 2895 adjectum*
690 2810 759 2880 est,
789 2791 900 2869 uncis
921 2792 1099 2896 appositis
1119 2791 1159 2866 id
1177 2791 1254 2866 fac-
1343 2859 1347 2868 t

224 2931 308 2989 tum
326 2941 403 2990 esse
423 2914 598 2990 indicavi.

258 3037 365 3112 His
381 3037 593 3154 praemissis
614 3037 694 3112 ad
684 3064 804 3140 tpsam
823 3039 1118 3140 disputationem
1137 3054 1257 3111 trans-

153 3196 156 3204 f
223 3159 451 3265 grediamur
488 3131 623 3236 Oinuis
641 3177 771 3237 autem
786 3160 956 3264 quaestio
973 3160 1122 3235 duabus
1139 3159 1257 3263 parti-

139 3271 140 3274 *
224 3287 297 3360 bus
323 3284 600 3361 continebitur:
626 3283 733 3386 prior
757 3311 845 3386 pars
871 3283 1115 3358 versabitur
1104 3310 1146 3356 1n
1172 3308 1257 3356 exa·

225 3407 417 3484 minandis
432 3407 659 3496 rationibus,
688 3407 829 3509 quibus
845 3407 1031 3510 vulgaris
1025 3405 1164 3480 nititur
1177 3404 1258 3507 opi-

227 3533 309 3618 nio,
332 3527 529 3636 epistolam
548 3533 598 3608 ad
615 3533 806 3607 Hebraeos
825 3534 1004 3654 scriptam
1025 3557 1118 3622 esse3
1137 3575 1186 3592 —
1204 3529 1258 3603 al·
1260 3575 1265 3582 -

227 3673 307 3730 tera
324 3657 365 3730 in
385 3658 663 3761 exponendis”
639 3685 683 3732 ns
700 3659 948 3760 argumentis,
972 3657 1112 3760 quibus
1136 3683 1259 3732 meam

216 3783 455 3887 ¹sententiam
475 3785 637 3887 probare
658 3784 918 3860 studebo,
