2872 4690
753 243 823 312 tta

314 420 459 500 hostiae
477 417 639 498 offenens
655 419 706 498 ad
725 420 961 528 expiandum
982 439 1103 500 semet
1121 425 1249 530 ipsum
1264 445 1311 504 et

314 547 525 652 populum;
579 589 580 594 =

249 725 255 738 ·
316 697 394 774 qna
420 697 462 746 re
486 669 739 774 significatur,
770 678 935 752 noudum
956 688 1095 770 potere
1122 677 1227 747 viam
1251 683 1313 750 ad

315 801 478 893 adytum
509 795 608 898 [viam
637 804 679 871 ad
698 803 830 894 adytum
851 827 920 872 esse
941 803 1154 886 obstmctam‚
1178 805 1307 874 aditum
1416 851 1417 876 l

317 925 506 993 sanctissimi
526 952 595 998 esse
607 929 816 1024 praeclusum,
834 929 916 998 nihil
926 929 1019 999 ‘alind
1034 906 1200 1019 significat,
1219 932 1279 999 nisi
1297 956 1307 995 :

319 1048 469 1118 nullam
491 1052 625 1120 datam
646 1075 735 1122 esse
756 1053 1002 1121 facultatem
1026 1055 1308 1146 expiationis3
1416 1103 1417 1142 ἒ

318 1175 437 1245 etenim
452 1201 551 1271 qutun
571 1179 712 1272 expiatio
725 1201 883 1273 nusquam
897 1179 961 1246 nisi
978 1180 1013 1246 in
1030 1179 1125 1270 adyto
1144 1179 1210 1246 lieri
1225 1201 1307 1270 pos-

281 1349 284 1356 ·
320 1315 378 1384 set,
402 1301 497 1393 adyto
514 1301 632 1390 clauso,
657 1301 748 1371 nulla
757 1304 888 1372 omnino
906 1297 1051 1396 expiatio
1061 1293 1168 1370 locum
1186 1302 1308 1371 habere

316 1417 455 1520 potuit]‚
487 1422 669 1516 quauzdiu
692 1435 776 1492 stat
808 1421 1098 1494 tabernaculum
1125 1423 1305 1492 anterius

318 1541 355 1644 [i.
366 1572 392 1617 e.
412 1549 541 1617 divinus
558 1548 653 1642 primi
665 1550 751 1642 pacti
768 1551 802 1616 in
821 1549 945 1617 terresti
966 1571 1053 1616 sacro
1067 1547 1190 1634 cultum
1208 1550 1307 1636 igitur

227 1683 236 1693 '
319 1673 599 1760 argumentationis
620 1695 732 1742 sensns
743 1687 809 1741 est:
825 1671 975 1742 habuisse
992 1673 1121 1765 quidem
1135 1674 1306 1766 ptistinum

316 1813 445 1890 pactum
458 1795 603 1890 piacula,
630 1799 687 1866 sed
702 1822 740 1867 ea
759 1799 886 1890 expiare
902 1821 968 1864 non
987 1797 1132 1890 potuisse
1140 1795 1165 1890 ‚]

174 1934 256 2012 9,1'0.
366 1918 537 1994 anterius
559 1917 665 1992 enim
689 1915 983 1994 tabernaculum
1010 1915 1113 2033 [cujus
1134 1921 1237 1991 cultus
1261 1924 1303 1992 ad

363 2046 589 2138 perficiendam
597 2047 810 2138 expiationem
820 2069 948 2139 prorsus
958 2045 1040 2113 nihil
1053 2045 1173 2114 efficere
1184 2061 1301 2140 potest,

366 2171 443 2265 quia
466 2171 606 2280 expiatio
632 2171 668 2238 in
691 2163 787 2261 adyto
813 2170 881 2240 fieri
905 2162 1013 2266 debet]
1048 2189 1215 2286 congrua
1246 2183 1303 2240 est
1416 2245 1417 2282 p

267 2433 362 2493 satias
386 2429 511 2493 lotiones
535 2441 564 2492 et
585 2425 791 2518 temetipsos-ct
816 2429 869 2505 eise
895 2428 1005 2515 ragele
1022 2441 1195 2493 versareon.
1235 2432 1302 2492 Jam

268 2536 342 2600 haec
359 2533 573 2598 vocabulorum
595 2529 801 2620 &acaedam
823 2531 877 2612 sis
894 2535 1004 2626 ragele
1023 2557 1093 2598 cum
1107 2535 1302 2600 ablotionibus

268 2644 437 2724 conjunctio
455 2653 554 2724 aperte
564 2639 661 2721 docet7
679 2640 736 2702 sub
748 2645 783 2703 iis
794 2645 864 2705 item
873 2627 1127 2726 ros'pnrgatorias,
1141 2645 1302 2728 piaculaues

268 2749 442 2831 subintelligi
462 2746 585 2824 debere,
613 2750 712 2831 itaque
736 2748 786 2812 illa
806 2746 951 2812 vocabula
973 2773 1032 2814 non
1052 2755 1125 2814 nisi:
1155 2757 1300 2835 piamenta
1335 2740 1337 2748 ’

269 2858 412 2940 corporis,
426 2877 473 2918 res
486 2877 562 2940 qnae
576 2855 674 2918 solum
685 2878 793 2940 conpus
807 2859 978 2941 pusificant,
997 2861 1129 2940 expiant,
1158 2865 1301 2942 interpre-

268 2961 359 3027 tanda
382 2984 459 3035 esse;
490 2967 516 3025 si
533 2965 611 3027 emm
635 2985 670 3025 ea
692 2964 793 3047 «leges
820 2969 953 3050 conponis
973 2965 1020 3027 vel
1043 2965 1121 3044 leges
1143 2971 1298 3024 externas»

269 3083 383 3136 ventare
399 3071 509 3150 velles,
530 3069 627 3132 nullus
648 3081 733 3152 aptus
752 3092 854 3133 sensus
869 3071 914 3132 his
934 3069 1030 3133 verbis
1046 3073 1159 3131 inesset
1180 3103 1221 3116 -
1241 3069 1301 3128 Ita-

270 3200 329 3262 que
342 3199 435 3262 quum
451 3190 480 3241 et
494 3181 584 3240 totius
597 3181 773 3261 quaestionis
786 3191 990 3260 argumentum
1007 3189 1036 3240 et
1048 3177 1135 3258 hujus
1147 3175 1209 3258 loci
1226 3195 1301 3236 con·

266 3289 380 3368 junctio
394 3284 554 3348 verborum
566 3285 643 3348 hanc
656 3288 738 3348 vocis
753 3276 957 3369 δικαιώματος
970 3286 1209 3368 significationem
1223 3285 1297 3363 po's-
1416 3271 1417 3304 ³

165 3397 170 3412 ‘
270 3395 362 3474 unet,
381 3415 476 3476 neque
493 3393 625 3476 analogia
644 3395 795 3456 nominum
812 3395 842 3452 in
861 3417 913 3478 poa
929 3392 1041 3475 syllaba
1063 3391 1143 3454 finali
1163 3389 1299 3452 desinen—

269 3504 344 3562 tisun
358 3501 427 3562 huic
442 3503 668 3584 intespretationi
685 3499 798 3580 obstet,
817 3502 909 3562 immo
926 3522 992 3562 eam
1005 3497 1144 3582 adjuvet,
1164 3501 1233 3560 satis
1252 3517 1299 3587 me
1416 3529 1417 3564 t

271 3607 438 3672 defendisse
448 3621 538 3692 puto,
558 3607 641 3692 quod
654 3607 833 3672 vocabulum
850 3603 1057 3696 δικαιώματος
1072 3604 1219 3669 vocabulo
1226 3604 1301 3688 pia-
1416 3617 1417 3698 l

145 3731 159 3788 ῑ
271 3717 375 3788 utenti,
391 3716 522 3800 piaculi,
542 3713 669 3796 reddidi,
690 3719 744 3778 etsi
764 3715 944 3779 verosimile
960 3727 1019 3795 est,
1040 3726 1156 3798 praeter
1168 3723 1301 3774 nostium
1416 3707 1417 3778 i

272 3825 415 3886 neminem
428 3826 604 3906 scriptorum
618 3843 792 3906 graecorum
806 3825 875 3885 huic
889 3823 979 3885 verbo
993 3823 1070 3884 hanc
1081 3825 1140 3884 vim
1153 3821 1301 3887 nibtusse3

145 3925 146 3932 '
272 3929 325 3992 sed
344 3941 373 3992 et
390 3929 453 3992 aliis
471 3934 500 3992 in
526 3931 614 3993 rebus
638 3934 796 4015 scriptores
814 3933 847 3996 ll.
871 3935 905 3994 T.
927 3933 1110 3994 acommunt
1120 3931 1302 3992 Graecorum

273 4057 328 4098 usu
351 4036 491 4118 loquendi
513 4035 660 4100 recedunt.
1011 4023 1013 4034 ’
1130 4019 1135 4034 ’
