2856 4716
210 905 393 1014 Index
434 938 632 1012 rerum
671 908 733 1008 et
772 900 1181 1014 vocabulorum

410 1087 967 1206 ,memorabiliorum

167 1524 321 1608 Abyss'us‚
342 1526 444 1602 nnn,
466 1519 551 1585 sedes
570 1532 616 1584 est
629 1519 765 1600 Diaboli,
786 1540 882 1604 neque
899 1541 972 1586 vero
989 1541 1110 1604 geenne,
1129 1529 1219 1606 p.42,

248 1619 347 1670 annot.
361 1615 419 1676 233
463 1612 529 1667 ‚43.
647 1659 656 1666 .

167 1693 228 1754 Aer
248 1703 278 1754 et
296 1628 465 1773 superlicieb
484 1701 581 1750 terrae
595 1685 738 1749 habitatio
755 1685 875 1751 Diaboli
888 1699 918 1750 et
933 1686 1082 1760 malorum
1096 1688 1220 1771 angelo·
1258 1740 1260 1747 .

252 1796 341 1853 rum,
361 1793 428 1854 pag.
444 1785 502 1851 27,
520 1783 619 1834 annot
637 1780 664 1833 8.
1176 1773 1180 1784 “

167 1847 264 1944 ἅγιοι,
274 1877 352 1941 pag.
366 1865 424 1934 29,
444 1868 542 1916 annot.
558 1865 604 1916 10.
1093 1923 1098 1928 .
1223 1914 1225 1919 ,

165 1946 296 2034 αἰώνιοῃ,
317 1942 470 2018 futurum,
492 1935 576 2020 quod
593 1934 634 1998 ad
649 1931 699 2001 τὶν
717 1936 813 2002 etiaim
832 1933 881 2018 riv
903 1927 1067 2026 pinnam
1084 1937 1219 2019 pertinet,

245 2045 306 2100 non
323 2035 492 2100 aeternum,
512 2042 541 2103 p.
557 2027 634 2097 159,
653 2033 750 2082 annot.
768 2031 836 2082 137.

165 2103 324 2195 elemptim,
345 2109 424 2175 νἾΠ
440 2108 519 2183 W,
555 2103 634 2164 mala
660 2106 917 2185 concupiscentia,
950 2125 1058 2166 nomen
1086 2101 1218 2183 Diaboli,

266 2193 364 2250 a.25
404 2196 501 2246 annot.
517 2195 544 2247 6.

149 2209 359 2361 eipoegprugnol,
373 2231 461 2330 idem
479 2267 563 2350 quod
579 2269 679 2350 impii,
699 2270 757 2332 ie.
772 2290 842 2351 pars
861 2267 997 2348 Diaboli,
1017 2290 1047 2352 p.
1064 2251 1131 2332 182.

163 2351 352 2432 circinatum,
373 2354 476 2434 (pnes,
495 2359 621 2432 regnum
639 2353 835 2431 Meuianum,
855 2374 922 2435 pag.
937 2361 1006 2432 155,
1027 2359 1124 2416 annot
1143 2363 1211 2415 132.

162 2437 292 2518 Angelus
311 2439 437 2515 mortis,
457 2435 619 2514 Diabolus,
639 2455 706 2516 pag.
723 2443 778 2513 25,
798 2448 896 2496 annot.
909 2444 935 2498 6.
951 2442 954 2453 ’
1265 2451 1270 2458 ‘

107 2521 111 2532 “
162 2520 291 2600 Angelus
314 2517 438 2600 quidam
450 2539 578 2600 geennae
595 2531 640 2580 est
655 2521 845 2599 propositus,
864 2539 930 2601 pag.
941 2524 998 2598 41,
1019 2531 1117 2582 annot.
1128 2531 1176 2582 22.
1293 2543 1296 2550 ·

163 2603 287 2665 Animae
298 2603 357 2662 nob
375 2623 478 2663 omnes
499 2613 568 2664 sunt
584 2601 784 2680 immortales,
803 2623 832 2683 p.
846 2613 903 2680 37,
923 2613 1021 2664 annot.
1043 2613 1091 2666 19.

162 2687 285 2748 Animae
305 2686 465 2766 impiorum
485 2687 538 2750 ie.
559 2684 712 2766 gentilium
729 2683 955 2746 idololatrarum
978 2707 1038 2746 non
1059 2688 1216 2749 immorta-

244 2768 287 2830 les
307 2779 393 2846 sunt,
413 2764 469 2829 sed
485 2769 515 2827 in
530 2789 641 2849 geenna
654 2765 806 2845 delentur,
826 2790 855 2850 p.
868 2778 923 2848 37,
945 2767 1043 2829 ann'ot
1057 2779 1103 2832 19.

162 2854 338 2916 Animarum
355 2853 415 2912 vita
432 2863 503 2932 post
523 2864 652 2912 mortem
670 2853 701 2911 in
725 2871 799 2913 orco
822 2853 939 2917 nonnisi
963 2849 1095 2914 conditio
1116 2850 1217 2915 media
1338 2859 1343 2880 ‘

209 2949 213 2958 ’
242 2946 306 3014 est,
327 2955 423 3014 neque
441 2955 514 2996 vero
532 2937 596 3039 ipse
612 2934 697 3012 finis,
719 2933 760 2996 ob
781 2955 871 3017 quem
885 2947 1000 3041 creatae
1018 2948 1096 3016 sunt,
1115 2957 1144 3018 p.
1158 2941 1216 3007 443

159 3026 531 3164 Anuniisl3123h’rbiiiiinib
544 3103 674 3181 peutium
691 3112 796 3162 contra
814 3120 847 3162 se
859 3113 998 3180 mutuus,
1018 3102 1040 3181 ς.
1053 3099 1097 3160 65
1106 3099 1209 3162 -661

158 3184 376 3262 Antichristus,
395 3204 463 3264 pag.
478 3192 533 3259 68,
555 3195 651 3243 annot
665 3191 716 3246 53.
1116 3237 1119 3245 ,

158 3268 355 3330 Antichristus
370 3269 497 3328 Messiae
513 3266 608 3326 halitu
624 3266 736 3328 afflatus
749 3269 915 3348 perimitur,
935 3287 1002 3349 pag.
1014 3277 1070 3345 70,
1091 3268 1114 3347 ς.
1124 3266 1174 3346 13,
1185 3276 1212 3330 6.

158 3351 282 3433 Apollos
301 3350 442 3431 epistolae
458 3361 584 3427 auctor,
606 3351 627 3428 §.
643 3347 693 3408 89.
1248 3348 1251 3356 '

156 3433 351 3515 Apoealypsis
368 3437 398 3494 in
411 3429 614 3494 describendis
635 3435 741 3502 niem
763 3409 877 3511 ἾΗΞΙἾ,
897 3430 1053 3493 doloribus
1075 3434 1211 3514 Messine,

237 3518 291 3576 ie
308 3519 448 3598 angustiis
462 3515 588 3616 regnunt
603 3517 785 3576 Messianum
800 3513 1047 3599 praecedentibus
1065 3528 1209 3594 versetur,

154 3619 267 3741 Bellulil
275 3597 603 3758 ibigr'lleilbt’liieboli
620 3669 754 3763 partem,
775 3703 804 3762 p.
816 3691 871 3760 32,
892 3694 989 3744 ainnot.
1006 3693 1055 3744 12.

154 3761 268 3825 Bellum
286 3764 423 3826 ultimum
438 3768 514 3827 iuter
529 3767 587 3828 Dei
601 3778 630 3826 et
642 3764 764 3826 Diaboli
778 3777 903 3846 partem,
922 3785 987 3848 pag.
1004 3773 1057 3844 66,
1075 3767 1095 3846 5.
1109 3765 1158 3846 15,
1179 3780 1208 3848 2,

155 3855 457 3993 Chrisffit'eiflem
473 3951 567 4012 ¹spem
583 3934 666 4013 regni
692 3931 833 3994 Messiani
853 3928 1021 4009 habebant,
1043 3943 1132 4016 atque
1151 3935 1207 3996 Ju-

182 4033 187 4042 (
237 4010 319 4092 daei,
339 4036 368 4096 p.
387 4025 442 4094 91,
463 4015 484 4094 ς.
498 4012 555 4092 18,
577 4027 613 4086 2;
634 4037 663 4096 p.
681 4023 755 4086 289;
791 4015 812 4093 ς.
831 4011 892 4093 17,
912 4012 972 4092 18,
992 4013 1045 4076 43.
1170 4071 1176 4084 ,
