2856 4694
259 451 529 528 habitaverant
555 451 641 527 Non
655 453 770 556 igitur
783 479 845 540 eo,
863 454 970 556 quod
985 457 1175 557 praesenti
1189 469 1284 532 tem-

191 665 194 674 !
258 605 350 682 pore
363 603 453 654 usus
467 591 523 652 est
535 579 705 681 scriptor,
721 579 811 653 lieet
822 579 1062 668 concludere,
1076 579 1125 654 ab
1138 606 1183 655 eo
1193 603 1285 656 eon-

257 701 515 789 suetudinem,
534 728 635 803 quae
651 702 701 778 ad
716 730 824 783 suam
839 731 962 807 usque
978 719 1141 780 aetatem
1155 706 1286 808 rigue-

259 826 324 913 rit,
353 824 524 900 indicari.
564 827 699 927 itaque
722 853 830 916 aare,
858 854 909 903 ne
932 828 1047 906 etiarn
1070 829 1191 904 altero
1217 831 1287 906 illo

211 995 215 1068 ᾗ
259 951 341 1026 loon
365 949 541 1054 temporis
563 953 770 1052 praesentis
793 977 907 1028 usum
929 952 1043 1028 nimis
1066 979 1209 1058 urgeas.
1236 957 1284 1056 In

258 1093 421 1176 utraque
441 1073 720 1163 enuntiatione,
742 1098 877 1152 rerum
896 1075 927 1150 si
943 1077 1110 1178 quaeris,
1134 1095 1284 1182 tempus
1417 1136 1418 1146 ,

257 1225 432 1301 praesens
446 1224 526 1274 rem
541 1197 685 1272 indicet
699 1222 778 1274 non
793 1215 914 1274 aetate
926 1200 1118 1302 scriptoris
1132 1201 1283 1288 factam,

255 1323 321 1398 sed
343 1325 471 1436 animo
497 1320 579 1424 ejus
599 1332 680 1397 'tam
704 1325 902 1428 perspicue
930 1325 1208 1414 obversantem,
1238 1343 1284 1400 ut

146 1439 150 1450 ⁸
256 1477 341 1556 earn
358 1449 478 1526 veluti
500 1460 737 1550 praesentem
756 1451 876 1526 oculis
899 1449 1075 1559 conmeri
1096 1447 1282 1536 videatur,

213 1591 221 1616 ¹
257 1573 297 1648 id
316 1573 422 1676 quod
438 1572 602 1650 hominis
621 1588 676 1650 est
694 1575 736 1650 in
757 1576 870 1656 saeris
889 1576 1000 1658 libris
1017 1574 1189 1653 volutati.

328 1700 361 1772 3⁴
384 1697 565 1798 Denique
579 1695 708 1772 locum
724 1697 835 1775 illum
854 1695 902 1772 de
918 1698 1166 1772 tabernaculo
1182 1698 1281 1800 ejus-

255 1847 332 1923 que
367 1821 477 1897 cultu
491 1855 494 1862 ⁴
509 1846 590 1896 non
625 1821 700 1896 nisi
720 1819 785 1922 *ad
815 1848 950 1898 rerum
988 1822 1280 1896 tabernaculum

149 1943 152 1946 ’
253 1945 413 2048 Moysis,
440 1937 568 2047 neque
594 1947 678 2022 ullo
709 1945 823 2022 modo
851 1945 902 2024 ad
930 1947 1117 2050 templum
1145 1946 1279 2023 referri
1412 1989 1415 2002 ·

254 2093 376 2172 posse,
400 2067 509 2142 aliud
526 2086 792 2171 argumentum
810 2070 862 2144 ita
883 2069 1097 2158 confirmat,
1119 2085 1164 2144 ut
1182 2068 1278 2144 mihi

251 2189 413 2294 quidem
423 2179 532 2268 nulla
545 2195 701 2268 omnino
713 2193 902 2270 dubitatio
914 2193 1082 2295 relinqui
1093 2191 1276 2270 rideatur.

251 2316 537 2417 Namqueinter
545 2317 722 2391 utensilia
732 2317 970 2391 tabernaculi
981 2315 1115 2419 postici
1124 2341 1170 2390 ea
1181 2341 1277 2390 enu-

253 2452 466 2524 merantur,
487 2463 593 2536 quae
616 2436 992 2514 soliustabernaeuli
1015 2438 1170 2541 propria
1192 2437 1278 2516 fue-

253 2576 355 2647 rant,
387 2585 514 2662 neque
546 2560 710 2662 amplius
734 2561 776 2634 in
806 2561 947 2664 templo
972 2560 1141 2638 seeundo
1168 2587 1275 2664 repe-

250 2681 459 2758 riebantur.
490 2683 613 2756 Locus
634 2697 690 2756 est
710 2701 741 2756 c.
756 2689 790 2770 9,
808 2711 842 2758 ν.
857 2709 891 2768 4.
930 2681 1113 2762 Uteusilia
1135 2701 1273 2770 autem,

250 2832 349 2906 quae
363 2805 478 2894 -dieo,
503 2822 612 2884 sunt:
639 2833 727 2882 arca
751 2805 940 2902 foederis,
956 2809 997 2882 in
1021 2834 1099 2908 qua
1122 2807 1275 2882 tabulae

248 2929 375 3031 legum
388 2931 555 3020 inerant,
577 2958 668 3008 cum
684 2959 800 3008 uroeo
817 2957 934 3012 aureo
952 2958 1135 3008 mannam
1153 2931 1275 3006 conti-

150 3043 175 3142 J
249 3071 382 3142 neate,
409 3058 631 3134 etAaronis
652 3057 838 3161 scipione;
865 3081 966 3158 quae
986 3056 1114 3134 omnia
1139 3055 1273 3158 (siqui-

248 3177 336 3278 dem
361 3179 488 3256 omnia
512 3197 594 3277 tuan
618 3183 795 3285 temporis
823 3180 952 3256 adhue
978 3179 1193 3265 exstabant,
1225 3179 1271 3253 cf.

252 3331 267 3372 1
286 3303 368 3405 Reg.
384 3309 418 3390 8,
442 3333 479 3396 93
505 3305 676 3380 n'Cbron.
694 3313 727 3392 5,
753 3308 823 3404 ω’.)
847 3306 890 3380 in
911 3303 1116 3380 vastatione
1137 3304 1272 3378 Hiero-

246 3424 409 3525 solymae
430 3452 501 3528 per
520 3419 943 3512 Nabuchodonassarem
961 3425 1061 3509 facta
1082 3453 1160 3502 una
1180 3453 1273 3502 cum

113 3644 119 3651 ,
164 3561 169 3566 “
246 3549 361 3623 veteri
388 3550 527 3652 templo
549 3551 778 3653 perierunt-,-
794 3568 861 3625 aut
888 3568 932 3624 ut
954 3550 1104 3626 rabbini
1134 3549 1272 3627 dicunt

246 3687 334 3744 ante
349 3672 594 3746 vastationem
609 3672 828 3752 abscondita
844 3688 951 3758 sunt,
971 3670 1011 3745 id
1028 3670 1132 3771 quod
1147 3673 1271 3778 pluri-

245 3786 316 3867 bus
335 3795 426 3868 locis
446 3779 659 3870 talmudicis
678 3810 875 3880 narratur,
904 3807 949 3868 ut
966 3793 1008 3868 in
1025 3809 1129 3866 tract
1147 3794 1274 3882 Joma,

148 3896 151 3902 ¹
244 3931 329 3988 sect
354 3923 387 3988 5.
418 3913 693 4017 (Ajintaakof,
721 3918 826 3990 Tam.
848 3917 884 4001 Ι,
902 3913 972 3989 sol.
999 3925 1084 4001 126,
1111 3915 1181 3988 col.
1204 3916 1264 4014 ³):

244 4042 324 4154 nnn
344 3998 406 4123 bn
428 3997 582 4122 amn
604 4040 680 4155 nnn
700 4044 824 4121 mna
843 4043 915 4130 mn
935 4041 1005 4118 nu
1024 4038 1109 4148 orn
1129 4035 1269 4120 imno
