2872 4690
722 231 795 294 166

243 428 330 478 turae
343 427 376 478 et
388 413 597 502 sempiternae
612 413 647 478 in
662 411 943 498 regionarius,
963 432 1029 476 v.c.
1042 409 1099 492 tu,
1113 413 1157 474 ao
1167 415 1277 498 -283

242 533 379 602 Diabolo
399 535 483 602 enim
509 539 642 628 ejusque
665 548 757 626 parte
780 533 893 615 victis,
922 557 1026 626 neque
1049 533 1115 602 ullo
1128 534 1276 626 amplius

242 657 326 726 bello
341 659 513 726 exsistente
530 661 613 752 parti
629 661 692 728 Dei
707 683 780 726 oum
796 676 886 751 parte
903 659 1041 743 Diaboli,
1059 661 1197 752 populus
1212 663 1277 730 Dei

229 786 277 882 ‘in
290 808 384 870 regno
397 786 556 854 Messiano
572 787 781 877 sempiternae
793 788 880 879 pacis
896 803 929 853 et
943 785 1181 879 tranquillitatis
1198 810 1276 853 oon-

223 991 227 1004 ,
244 910 365 976 ditione
379 911 503 993 fruitur,
518 912 556 978 cf.
569 907 595 1006 d.
605 913 662 994 tu,
675 911 734 998 9.).

244 1034 285 1104 2⁰
310 1037 442 1106 Messias
469 1061 534 1104 non
562 1039 668 1104 minus
697 1053 745 1104 est
778 1038 905 1104 divinae
942 1037 1077 1124 originis
1105 1037 1197 1128 (quia
1226 1053 1276 1104 est

245 1159 328 1227 lilius
347 1161 444 1249 Dei),
473 1135 568 1256 atque
589 1163 685 1230 etiarn
702 1162 848 1254 pontifex
864 1164 899 1230 in
918 1175 1163 1256 perpetuum
1183 1161 1274 1256 (quia

246 1308 264 1350 e
277 1285 436 1375 scriptoris
450 1285 592 1351 doctrina
609 1285 685 1352 novi
699 1283 834 1352 foederis
855 1287 906 1372 (8,
921 1275 940 1348 6
953 1285 1039 1378 sqq.)
1055 1285 1273 1369 sacerdotium,

246 1430 310 1500 quo
325 1408 458 1476 Messias
469 1409 626 1496 fungitur,
645 1407 689 1506 ob*
700 1413 768 1500 ejus
786 1408 1020 1476 immortalitem
1036 1432 1101 1476 non
1116 1425 1153 1476 ut
1165 1411 1275 1501 pristi-

245 1556 322 1599 num
342 1533 517 1602 Mosaiaum
534 1534 575 1600 ab
592 1533 653 1602 alio
668 1534 818 1625 pontifice
834 1535 876 1600 ad
889 1532 986 1600 aliurn
1001 1536 1194 1618 transfertur,
1218 1537 1275 1602 sed

193 1625 196 1638 ι
245 1681 303 1750 per
319 1673 421 1724 toturn
437 1659 523 1745 regni
541 1659 693 1727 Messiani
711 1673 835 1749 tempus
853 1658 887 1724 in
903 1659 1019 1760 Massia
1035 1676 1184 1740 remanet,
1208 1661 1274 1726 vid.

241 1785 282 1865 ,7,
298 1789 340 1846 23
359 1797 392 1850 et
412 1788 490 1868 aa).

247 1906 287 1979 3⁰
312 1909 445 1976 Messias
460 1911 597 2003 denique
613 1911 786 1978 secundum
799 1909 980 1976 universam
993 1909 1187 1975 ludaeorum
1203 1931 1277 1974 sen-

247 2034 381 2100 tentiam
402 2037 502 2125 major
519 2049 567 2100 est
585 2033 763 2100 Abrahamo
780 2049 812 2100 et
830 2033 973 2123 patribus
987 2024 1029 2097 ¹⁴³.

248 2159 403 2227 Omnibus
416 2159 511 2244 igitur
522 2157 765 2240 conditionibus,
785 2158 899 2252 quibus
912 2155 1183 2224 Melchisedechus
1196 2159 1276 2224 frui-

141 2279 149 2292 *
248 2300 300 2352 tus
315 2300 372 2366 est,
387 2285 483 2351 etiam
500 2283 634 2351 Messias
649 2284 820 2350 utitur.-
833 2283 901 2348 Hac
917 2305 993 2348 vero
1010 2283 1277 2348 demonstratione

248 2409 382 2489 omissa,
411 2409 545 2500 scriptor
569 2409 674 2476 statim
700 2409 812 2474 transit
835 2409 875 2474 ad
899 2407 1116 2498 explicandam
1138 2433 1276 2488 causam,
1342 2499 1345 2508 Ι

248 2531 289 2598 ob
304 2555 398 2624 quam
416 2518 822 2624 Messias,.permutata
838 2532 927 2618 lege
946 2533 1210 2616 sacerdotali,
1236 2538 1277 2600 ad

247 2681 366 2724 novum
389 2658 547 2750 quendam
568 2657 709 2724 ordinem
732 2681 867 2750 eumque
887 2657 1062 2740 meliorem,
1094 2683 1129 2724 ac
1150 2683 1212 2726 non
1237 2662 1278 2725 ad

247 2782 400 2849 usitatum
416 2757 610 2863 Leviticurn,
637 2783 781 2872 pontifex
800 2783 868 2849 fieri
889 2779 1057 2874 debuerit]

209 2960 211 2966 '
248 2965 391 3028 Parvulos
407 2979 491 3026 natus
507 2966 664 3046 estnohis‚
678 3009 742 3026 .....
765 2979 794 3027 et
811 2966 965 3027 vocabitur
986 2986 1091 3026 nomen
1108 2968 1185 3044 ejus·
1178 3011 1276 3027 .......

242 3074 382 3159 princeps
393 3075 487 3158 pacis.
517 3078 632 3152 Quae
619 3074 709 3136 verba
729 3074 900 3135 lonathan'
892 3086 930 3132 rta
946 3076 1167 3154 inter·p:retatur

247 3158 352 3257 sain
383 3187 462 3254 sior
494 3141 642 3256 aanor
667 3175 902 3254 aaron...)
902 3225 989 3253 .....
1000 3190 1109 3257 nunna
1136 3189 1279 3273 rupuar

248 3308 300 3366 Le.
319 3306 358 3364 Et
376 3308 543 3366 nominatur
559 3327 665 3367 nornen
682 3307 744 3384 ejus
751 3349 830 3364 ......
839 3305 1025 3377 Messias,
1000 3308 1083 3386 cujus
1113 3303 1278 3394 ὛΠῚΠἹὉ

249 3409 352 3472 diebus
368 3431 440 3496 pax
457 3411 609 3493 augebitur
626 3409 664 3472 dc
684 3409 777 3471 nohis.

233 3593 236 3603 .
311 3541 346 3576 ¹⁴³
365 3543 443 3607 Vide
458 3542 620 3606 Bertholdti
632 3543 800 3622 Clrristol§.
813 3555 861 3620 22,
882 3556 978 3603 annot
993 3553 1059 3624 5,p.
1074 3556 1146 3615 1013
1168 3547 1205 3606 cf.
1216 3547 1278 3606 Jnl-
1287 3600 1291 3608 .

145 3713 153 3723 ,
227 3653 300 3713 ‘kut
320 3652 487 3729 Schimoni‚
508 3649 639 3726 Tomll,
661 3647 710 3708 fol.
721 3656 769 3724 85,
788 3647 891 3708 eol2:

249 3775 372 3844 Non
382 3814 489 3841 ......
500 3769 651 3854 'ornari
687 3771 729 3862 ps
764 3743 852 3840 nna
886 3774 1021 3840 uro...
1030 3771 1161 3840 nrum
1195 3717 1278 3867 *fra

128 3937 133 3941 ‚
248 3895 626 3979 le.rexMess1asnraJor
614 3898 748 3962 tt'tttm
775 3865 935 3964 *nullm
959 3893 1070 3966 ΠΣΠᾸἹ
1095 3897 1209 3978 'illim
1236 3900 1277 3990 {52

222 4017 293 4091 'est
308 4003 458 4085 patribus,
480 4004 621 4068 excelsior
636 4005 757 4086 Moyse,
772 4018 800 4066 et
817 4005 919 4118 elatior
935 4005 1043 4088 angelis
1059 4010 1216 4072 ministerii
