2856 4694
680 281 703 346 5
804 309 808 328 r

174 456 260 530 bolo
288 454 448 557 ejusque
476 477 607 558 regno,
637 455 685 530 de
711 479 857 560 geenne
883 453 1043 560 ejusque
1070 459 1202 560 poenis

174 605 251 654 non
277 579 457 666 aeternis,
495 577 545 654 de
576 594 697 654 morte
727 575 878 655 animae
905 579 964 654 vol
993 596 1116 656 morte
1145 607 1202 656 se·

172 695 317 792 enoda,
344 702 392 778 de
412 701 558 805 judicio
578 717 746 778 ernomo
770 717 810 778 et
832 703 1126 792 rerurrectione,
1154 703 1202 780 de

171 853 286 928 regno
318 824 522 911 Martiano,
560 823 608 900 de
636 821 873 900 redemtione
905 838 946 900 et
977 810 1202 900 liberatione

171 975 285 1052 regno
301 949 488 1056 Messiano
500 947 671 1052 praevia,
693 945 855 1049 aliisque
871 945 1072 1050 permultis
1091 947 1159 1023 lux
1179 977 1201 1024 a
1271 943 1275 954 '

172 1074 280 1148 nohis
318 1099 364 1148 ex
399 1071 505 1146 libris
545 1065 753 1148 rabbinicis
790 1071 967 1165 affertur3
1006 1088 1201 1176 praeterea

171 1198 283 1272 multi
306 1212 345 1271 et
362 1213 513 1274 nostrae
536 1187 716 1301 epistolae
740 1210 780 1270 et
801 1195 1069 1272 universorum
1093 1195 1136 1269 N.
1158 1197 1199 1268 T.
1304 1267 1311 1278 ,

170 1323 356 1398 librorum
376 1321 450 1396 loci
475 1347 572 1398 nova
596 1345 846 1423 requerere,
871 1335 917 1394 ut
933 1341 1061 1424 opero,
1085 1321 1203 1395 inter·

100 1465 101 1472 ’
168 1443 380 1549 pretatione
402 1447 675 1550 explanantur,
707 1469 827 1546 quam
850 1459 890 1519 et
913 1445 1034 1548 ipsam
1057 1445 1202 1520 littera-

168 1570 256 1645 rum
273 1567 514 1670 judaicarum
533 1567 659 1645 studio
677 1567 869 1643 debemus.

154 1764 158 1773 .
238 1693 361 1768 Simul
387 1693 458 1768 alii
479 1694 599 1767 errori
623 1717 824 1770 occurrere
846 1713 940 1796 opus
961 1693 1043 1767 erit
1086 1691 1202 1767 Multi
1245 1765 1250 1809 f

169 1804 274 1890 enim
304 1818 530 1918 theologiam
561 1816 756 1919 judaicam
784 1831 824 1892 et
852 1815 1051 1902 cahbalam
1082 1841 1203 1890 unam
1242 1812 1249 1957 q

170 1939 410 2041 eandemque
430 1965 520 2024 rem
549 1939 693 2013 habere
722 1937 929 2026 videntur,
968 1959 1014 2011 ac
1047 1937 1205 2010 nomine

172 2060 352 2163 dogmatis
379 2047 542 2163 alioujns
570 2060 716 2165 judaici
746 2062 894 2165 prolaro
927 2059 976 2135 do
1006 2058 1202 2134 recondita

130 2195 138 2198 “
170 2211 215 2259 ac
236 2187 472 2262 tenebricosa
489 2185 671 2294 cahbalaq
692 2188 866 2264 doctrina
888 2185 1061 2288 cogitare.
1098 2183 1204 2280 Quos

95 2379 98 2384 .
167 2310 469 2411 praemonendoo
488 2335 565 2384 esse
582 2309 698 2398 duxi,
724 2335 782 2386 res
799 2309 883 2384 illae
902 2331 981 2384 esse
1000 2305 1203 2384 diversissi-

167 2457 263 2521 mas,
289 2451 406 2536 atque
424 2433 532 2509 haud
549 2461 636 2510 raro
662 2435 764 2509 inter
782 2459 823 2509 se
843 2435 961 2539 plane
983 2433 1203 2520 contrariae,

168 2555 220 2631 ita
239 2575 286 2632 ut
305 2537 389 2632 lieri
410 2559 542 2662 possit,
566 2575 612 2634 ut
632 2559 720 2660 quis
738 2557 924 2662 dogmatis
940 2555 1102 2660 judaieis
1120 2557 1201 2660 ple-

169 2707 259 2755 nam
274 2681 388 2756 fidem
403 2683 565 2770 tribuat,
596 2681 777 2785 idemque
800 2669 1016 2757 doctrinam
1032 2681 1202 2756 cabbali-

167 2805 299 2878 stieam
316 2829 468 2909 prorsus
484 2805 663 2908 reprobet
679 2819 718 2878 et
732 2803 891 2907 rejiciat
919 2803 1030 2899 Quae
1047 2825 1201 2878 resnou

168 2913 380 3030 paucorum
412 2931 678 3032 magistrorum
713 2928 956 3030 judaicorum
983 2949 1205 3030 ‘eorumque

166 3053 314 3128 summa
339 3051 584 3160 orthodoriae
609 3068 648 3126 et
670 3027 820 3155 pietatis
844 3052 963 3154 gloria
988 3047 1201 3126 fruentium

166 3177 341 3280 exemplo
360 3175 589 3278 amplissime
601 3173 863 3249 confirmatur.
889 3171 974 3250 Iloc
993 3173 1110 3276 igitur
1127 3174 1203 3249 dis-

167 3301 314 3375 crimen
332 3299 434 3375 inter
453 3293 1203 3404 dogrnaticam·dudaeomm‘theologiam

99 3499 104 3514 x
166 3424 420 3500 eteabbalam
434 3415 476 3500 in
489 3422 727 3499 instituenda
735 3424 958 3525 quaestione
971 3439 1100 3499 nostra
1111 3421 1201 3498 reli-

165 3545 484 3650 gio'seobservavi,
501 3549 902 3652 nequeoabbalistioas
913 3549 1106 3625 doctrinas
1117 3545 1202 3624 vul-

164 3673 319 3776 garibus
339 3674 577 3762 ludaeorum
598 3673 780 3777 dogmatis
805 3675 1005 3750 immiscui.

238 3798 361 3874 Valde
373 3800 554 3903 equidem
569 3797 782 3904 cupiebam,
800 3797 975 3876 laudatos
988 3795 1107 3870 libros
1123 3787 1211 3867 rab-

137 3961 140 3968 ·
165 3921 314 3999 binicos
332 3924 546 4001 seeundum
564 3925 712 4032 scholas
738 3941 778 3998 et
798 3942 939 4000 aetates
962 3924 1005 3996 in
1027 3917 1201 3995 ordinem

166 4045 363 4145 quendam
385 4049 569 4158 redigere,
597 4065 643 4122 ut
657 4047 814 4150 lectores
830 4045 879 4121 de
894 4041 1202 4147 uniuscujusque
