2856 4694
619 854 804 928 CAPUT
852 857 903 927 11.

319 1051 355 1164 §-
374 1077 409 1156 5.
438 1077 609 1153 Primum
620 1094 888 1182 argumentum
900 1105 946 1154 ex
956 1080 1130 1155 universa
1145 1081 1272 1160 indole

247 1204 425 1306 epistolae
441 1202 657 1288 desumtum
673 1219 736 1277 est
766 1205 935 1291 Litteras,
957 1204 1101 1291 dicunt,
1123 1221 1198 1280 tam
1211 1205 1271 1307 ju·
1393 1303 1397 1310 v

246 1327 432 1403 daizantes
446 1326 510 1424 (sit
521 1325 631 1400 venia
644 1325 775 1422 verbo)
789 1352 869 1399 non
882 1326 955 1399 nisi
967 1328 991 1398 J
992 1326 1119 1400 udaeis
1136 1353 1271 1430 genere

244 1449 473 1535 hominibus,
490 1442 612 1548 iisque
626 1447 985 1557 Hierosolymitania
1003 1450 1085 1525 dari
1097 1455 1269 1555 potuisse.

216 1642 222 1672 Ι
245 1573 317 1655 nEt
330 1572 505 1646 universa
522 1571 611 1644 libri
628 1571 786 1674 species,
807 1571 861 1645 ait
874 1571 1022 1673 Hugius
1033 1572 1072 1660 *,
1092 1593 1130 1649 et
1144 1577 1270 1679 singu-

244 1696 394 1779 «larum
414 1696 584 1798 partium
609 1695 723 1784 ratio,
749 1711 865 1796 atque
892 1695 986 1769 adeo
1007 1700 1271 1801 unusquisque

244 1821 347 1904 “fere
366 1820 447 1924 ejus
469 1822 575 1897 locus
592 1848 663 1925 pro
680 1847 719 1895 se
744 1820 871 1908 docet,
902 1847 978 1896 esse
998 1848 1088 1910 eum
1105 1825 1269 1898 Judaeu-

244 1975 356 2028 “rum
380 1945 422 2022 in
443 1973 558 2021 usum
578 1946 780 2049 scriptum,
803 1963 991 2020 eteorum
1007 1945 1179 2046 quidem,
1202 1949 1269 2050 qui

243 2123 257 2155 0
268 2072 416 2146 cultum
432 2071 597 2145 Jebovae
617 2073 659 2144 in
677 2071 818 2175 templo
837 2071 1177 2173 Hierosolymitano
1193 2073 1269 2146 usi·

242 2248 257 2280 «
268 2213 389 2270 tatum
417 2194 576 2297 ejusque
600 2221 705 2270 sacra
732 2211 770 2268 et
795 2221 944 2282 eorum,
980 2221 1080 2296 quae
1103 2194 1152 2268 ad
1174 2195 1268 2269 ritus

242 2343 389 2402 «sacros
398 2318 645 2420 pertinerent,
658 2316 719 2390 vel
727 2317 908 2394 minutias
919 2319 1071 2419 penitus
1082 2332 1267 2393 nossentt

242 2443 351 2516 Tales
371 2458 500 2517 autem
521 2441 686 2516 Judaeos
713 2468 792 2514 non
816 2442 890 2515 nisi
912 2442 1269 2545 Hierosolymitanos

241 2566 503 2670 essepotuisse‚
518 2565 569 2640 ita
580 2567 743 2668 probare
751 2565 956 2643 studetVir
966 2565 1209 2654 doctissimus,
1224 2583 1269 2641 ut

239 2706 542 2794 argumentetur:
574 2707 651 2766 tam
672 2707 891 2766 accuratam
908 2715 1102 2773 sacrorum
1122 2677 1282 2764 rituum

238 2816 450 2903 scientiam,
473 2816 546 2893 nisi
569 2818 637 2918 qui
658 2817 737 2921 ipse
757 2818 802 2892 iis
823 2817 1054 2904 interfuerit,
1076 2817 1148 2890 sibi
1165 2842 1266 2890 com-

238 2969 372 3044 parare
388 2967 469 3018 non
483 2943 664 3044 potuisse,
685 2944 826 3046 optime
845 2960 973 3018 autem
988 2942 1061 3033 hoc
1077 2939 1266 3042 quadrare

239 3067 280 3138 in
292 3063 662 3168 Hierosolymitanos‚
679 3067 747 3167 qui
762 3066 948 3168 templum
960 3066 1131 3166 ritusque
1144 3088 1272 3146 sacros,

238 3205 423 3291 perpetuo
442 3204 531 3263 ante
551 3188 680 3263 oculos
698 3189 913 3263 habuerint
952 3189 1132 3289 Denique
1155 3214 1266 3289 argu-

239 3314 509 3390 mentationem
531 3315 782 3402 concludens,
809 3314 911 3401 «his,
939 3313 1082 3414 inquit,
1109 3311 1266 3385 rationi-

237 3437 333 3520 «bus
351 3435 487 3510 ductam
501 3435 579 3538 jam
594 3436 892 3538 Chrysostomus,
918 3453 993 3510 tota
1011 3437 1189 3539 epistolae
1206 3461 1266 3514 ra·
1379 3464 1382 3478 ¹

237 3611 253 3644 «
263 3560 365 3634 tione
379 3575 480 3632 recte
495 3575 710 3662 perspecta,
729 3585 749 3631 e
767 3546 1044 3659 cognitionibus
1058 3559 1108 3632 ad
1123 3558 1265 3631 intelli-

237 3683 423 3784 «gendam
433 3681 630 3784 epistolam
640 3682 856 3755 necessariis
869 3683 1027 3783 collegit,
1041 3682 1092 3756 ad
1101 3683 1124 3754 J
1126 3682 1265 3758 udaeos

237 3807 752 3909 t‹Palaestinensesacriptum
772 3833 848 3880 esse
867 3807 1045 3882 librum.”

297 4073 314 4113 ²²²
333 4073 496 4152 Einleitung
507 4075 535 4132 in
545 4070 573 4130 (b
584 4071 729 4132 Schriften
739 4068 791 4131 des
801 4069 837 4130 N«
845 4073 890 4150 T.‚
905 4073 1035 4166 Tenen,
1051 4073 1070 4150 i.
1079 4079 1148 4150 141,
1157 4093 1185 4152 p.
1196 4077 1265 4134 452.
