2872 4690
673 193 872 276 ‘iro‘

242 326 481 482 splendidius
509 383 608 460 illud
632 383 825 460 liberandi
847 387 983 488 populi
1006 401 1045 462 et
1060 387 1169 488 regni
1183 389 1286 464 Mes-

241 504 340 578 siani
362 504 555 580 condendi
579 532 721 580 munus
743 507 903 582 Messiae
932 509 1010 582 ben
1034 510 1179 597 David,
1209 511 1232 584 i.
1251 538 1282 585 e.

243 627 401 703 Messiae
429 655 450 702 e
479 628 623 703 familia
656 645 830 704 veterum
860 629 1114 706 Judaicorum
1149 659 1284 734 regum

243 748 419 838 oriundo,
443 751 707 840 attribuerent,
735 751 901 858 alterurn
927 752 1114 844 Messiam‚
1140 757 1281 860 populi

242 872 512 962 redemtorem,
548 900 594 957 ex
623 872 762 948 decem·
784 874 962 950 tribubus
989 875 1170 954 futurum
1204 904 1283 954 esse

244 1000 471 1073 statuebant
634 1094 641 1100 ι
891 991 897 1012 ‘

288 1143 291 1148 '
316 1121 351 1197 li.
377 1126 464 1200 Jam
484 1151 572 1200 vero
591 1125 781 1228 supplicia
803 1141 841 1198 et
861 1142 1023 1203 mortem
1044 1125 1163 1230 hujus
1184 1128 1284 1202 Mes⁴

244 1248 320 1322 siae
340 1249 418 1324 ben
437 1251 461 1323 J
463 1249 579 1354 oseph
593 1251 732 1325 Judaei
752 1277 841 1325 cum
859 1251 993 1325 ceteris
1011 1251 1125 1326 rebus
1140 1280 1162 1325 a
1182 1251 1283 1325 Mes-

244 1373 298 1447 sia
313 1374 497 1476 gerendis,
524 1376 577 1450 ita
593 1373 889 1477 conjungebant,
915 1393 962 1451 ut
976 1402 1066 1450 eum·
1081 1374 1283 1450 crederent

246 1545 1276 1590 --....,.-¹....-.....................

247 1633 481 1712 spectuMessiae
492 1630 546 1690 ben
555 1633 709 1716 Ephraim,
728 1633 882 1704 bellorum,
901 1632 1129 1716 castigationum
1140 1645 1168 1692 et
1178 1635 1283 1693 mortis
1310 1651 1320 1667 *

245 1742 310 1822 ejus
318 1781 329 1811 ,
348 1741 483 1799 statuisse
501 1738 576 1800 haec
598 1745 769 1824 sapientiam
789 1741 969 1802 sanctissimi
986 1737 1055 1801 inde
1075 1739 1113 1800 ab
1127 1743 1213 1802 ‚initio
1230 1763 1283 1802 re-

245 1868 329 1924 rum,
350 1860 384 1907 ut
399 1846 588 1928 perficeretur
605 1849 748 1910 abstersio
768 1820 960 1930 peccatorirm
977 1847 1081 1928 populi
1102 1848 1286 1929 [Israeliten.

244 1951 375 2036 Ideoque
395 1952 531 2016 (luerunt
549 1955 605 2016 bac
625 1957 776 2038 parabola,
797 1958 902 2017 fecisse
922 1957 1144 2016 Sanctissirnum
1160 1970 1282 2036 pactum

245 2085 314 2124 cum
325 2065 441 2141 Messia,
454 2067 547 2146 quasi
560 2063 681 2125 dixisset
696 2069 731 2144 ei,
753 2067 817 2126 fore
829 2077 864 2125 ut
878 2067 975 2126 veniat
991 2067 1019 2123 iu
1031 2065 1138 2144 jugum
1152 2065 1281 2124 ferreum

243 2183 271 2230 et
294 2173 324 2230 in
346 2174 548 2250 castigationes
569 2193 672 2252 graves
685 2183 814 2256 propter
825 2184 952 2256 peccata
972 2171 1198 2242 israelitarum,
1228 2173 1282 2252 qui

119 2317 121 2325 ι
242 2277 389 2361 conjuncti
400 2290 468 2338 suat
485 2296 549 2338 cum
571 2298 615 2349 eo,
637 2291 666 2338 et
678 2275 823 2338 reservati
835 2278 866 2338 in
880 2278 1014 2338 tabulato
1028 2281 1091 2360 ejus
1105 2279 1133 2357 [i.
1144 2300 1168 2338 e.
1184 2299 1279 2359 prop-

245 2397 290 2446 ter
307 2398 427 2465 peccata
447 2388 656 2465 generationis,
677 2404 843 2466 quaecum
864 2407 899 2446 eo
917 2388 948 2444 in
963 2381 1103 2465 paradiso
1128 2388 1282 2465 superiore

241 2490 299 2552 sub
315 2491 423 2553 tirrano
441 2489 539 2552 divino
552 2492 737 2572 reservatur}
777 2492 875 2573 Atque
897 2511 967 2552 ecce
987 2490 1047 2552 hoc
1069 2491 1210 2554 efficietur
1224 2514 1280 2574 peq-

238 2601 366 2660 Mtssuu
386 2619 438 2658 nnn
457 2599 603 2680 Eranusa,
624 2603 676 2682 qui
699 2601 892 2682 interficietur
909 2599 1068 2660 secuudum
1086 2599 1279 2663 traditionem

238 2724 339 2764 eorum
355 2703 588 2787 [RabbiuorumJ.
627 2709 674 2768 De
701 2729 737 2768 eo
758 2704 832 2767 dixit
857 2705 1003 2788 propheta
1028 2706 1126 2784 (Zacb.
1138 2707 1188 2786 12
1210 2711 1278 2784 10J:

236 2812 276 2872 Et
296 2810 461 2894 adspiciunt
478 2812 518 2874 ad
535 2835 584 2875 me
601 2815 789 2896 [Israebtae]‚
816 2835 906 2896 quem
929 2815 1112 2876 confixemnt
1136 2797 1279 2895 [gentes],

238 2931 268 2980 et
288 2919 425 3002 plangent
441 2943 509 2981 eum
527 2921 647 3003 planctu
664 2924 748 3004 quasi
768 2943 858 3002 super
875 2923 1063 3002 unigenitum.
1102 2921 1143 2984 Et
1153 2933 1277 3004 propter

234 3031 443 3109 perfecu'onem
462 3031 523 3110 ejus
546 3026 726 3090 dictumest
747 3026 826 3108 (ibid.
845 3052 872 3092 v.
890 3029 941 3102 8.):
963 3031 1081 3108 eterit,
1102 3032 1154 3114 qui
1174 3029 1277 3110 lapsus

237 3137 327 3195 fuerit
345 3159 382 3196 ex
405 3141 445 3198 eis
465 3137 513 3198 die
532 3139 601 3218 illa,
619 3141 704 3218 quasi
718 3135 818 3198 David
824 3161 831 3208 ;
853 3134 962 3198 domus
984 3135 1083 3196 David
1102 3159 1174 3197 vero
1191 3138 1286 3216 quasi

235 3243 292 3302 Dii.
331 3240 368 3302 ld
390 3240 489 3303 dicere
509 3245 566 3304 sibi
586 3245 664 3304 vult:
697 3244 750 3306 ille
770 3245 870 3325 lapsus
892 3256 921 3304 et
941 3245 1057 3304 occisus
1080 3243 1224 3322 [Messias]
1246 3221 1276 3300 in

232 3347 330 3426 bello,
348 3369 526 3430 quamquam
543 3361 587 3410 est
599 3347 637 3410 de
658 3349 737 3410 tribu
749 3351 910 3434 Ephraim,
931 3362 1028 3411 tamen
1042 3361 1164 3430 propter
1178 3351 1275 3430 pieta*-
1321 3349 1328 3358 '

232 3466 293 3514 tem
314 3476 399 3515 suam
420 3468 449 3516 et
468 3457 651 3516 sanctitatem
668 3469 698 3518 et
716 3461 875 3538 puritatem
894 3469 938 3519 est
956 3459 1032 3518 sieut
1043 3455 1160 3534 David,
1183 3478 1273 3537 quem

187 3549 191 3552 ’
233 3560 315 3620 Deus
329 3558 435 3621 dilexit
475 3561 589 3623 Verum
601 3564 723 3622 Messias
736 3561 794 3622 ben
807 3561 907 3624 David
921 3567 975 3623 erit
989 3565 1086 3643 major
1099 3585 1135 3624 eo
1148 3565 1177 3622 in
1193 3567 1275 3624 omni

232 3669 419 3744 perfectione.
458 3669 563 3748 Deque
577 3666 637 3727 hoc
651 3651 823 3728 dictumest
837 3667 917 3744 (ibid.
927 3691 953 3728 r.
965 3671 1001 3742 ὃ.)
1015 3694 1022 3727 :
1042 3670 1157 3728 Domus
1172 3667 1273 3729 David

232 3779 317 3853 quasi
334 3777 391 3835 Dii
419 3773 454 3835 ld
467 3773 566 3835 dicere
588 3774 645 3835 sibi
660 3775 741 3836 vult:
759 3775 812 3837 Ille
829 3769 972 3854 Messias,
991 3777 1043 3857 qui
1063 3778 1143 3836 venit
1161 3774 1199 3835 de
1212 3776 1274 3837 filio

231 3879 346 3958 David,
367 3885 422 3945 erit
435 3895 468 3943 ut
485 3885 543 3961 Dii,
564 3879 595 3941 id
613 3881 697 3964 quod
713 3896 757 3945 est
772 3905 890 3963 nomen,
906 3869 989 3966 quod
1007 3881 1116 3948 dicitur
1131 3883 1170 3945 de
1181 3905 1272 3944 sanc-

230 3986 266 4042 tis
286 3988 402 4068 angelis.
