2856 4716
721 205 796 273 220
830 277 838 292 .

84 381 87 390 ’
207 433 208 436 =
232 384 310 458 sive
317 381 459 458 Judaei
470 380 581 470 filius,
598 397 684 484 post
695 381 1027 460 circumcisionem
1042 380 1109 456 tali
1122 381 1289 456 immer-

233 507 342 582 sione
355 507 603 590 abluebatur,
625 506 717 607 quia
734 505 967 606 usquedum
983 504 1293 608 circumcidere-

182 655 191 668 *
232 645 298 706 tur
307 630 510 734 praeputio
519 629 692 733 pollutus
702 646 792 716 erat,
808 645 926 730 atque
937 627 1023 702 ideo
1034 655 1157 730 purus
1167 628 1290 704 reddi

233 751 406 830 debebat
448 755 564 828 Hunc
582 752 701 828 ritum
715 752 956 859 observantes
970 751 1122 826 Paulus
1135 752 1291 854 aliique

187 953 192 964 ,
232 877 402 982 magistri
429 877 478 952 ab
511 875 593 980 ejus
621 876 796 980 partibus
819 891 978 964 stantes,
1015 901 1077 950 eos
1106 875 1287 980 gentiles,

55 1069 58 1078 ι
152 1001 160 1020 “
192 1020 196 1032 ’
230 1029 327 1106 quos
346 1003 390 1078 in
406 1029 614 1080 numerum
636 1025 825 1108 purorum
842 1002 1125 1106 proselytorum
1142 999 1284 1104 inqui-

112 1195 147 1232 ,ἱ
230 1129 403 1206 linorum
430 1127 691 1232 recipiebant,
728 1128 797 1202 etsi
824 1153 905 1202 non
932 1125 1279 1230 circumcidendos,

228 1244 358 1344 tamen
381 1252 570 1358 ejusmodi
593 1257 836 1334 immersione
852 1253 1115 1358 purificandos
1140 1280 1273 1330 oense-

230 1381 353 1468 bant,
368 1381 461 1482 quia
481 1379 640 1484 gentiles
659 1380 804 1486 impuri
822 1379 1078 1458 habebantur.

301 1509 335 1578 7.
362 1505 424 1580 De
441 1504 733 1608 ritu-baptizatis
750 1528 889 1579 manus
913 1501 1140 1606 imponendi
1158 1503 1281 1606 expli-

106 1709 114 1726 (
229 1612 400 1706 candum
417 1643 514 1716 erat,
541 1653 632 1711 eum
649 1627 733 1702 fieri
744 1626 799 1732 ad
819 1625 1188 1732 communicandum
1201 1628 1280 1730 spi-

227 1755 347 1828 ritum
360 1751 546 1828 divinum.
568 1749 703 1846 Quum
716 1750 821 1826 enim
833 1750 1050 1828 secundum
1065 1751 1165 1827 illud
1173 1753 1276 1828 Joeli
1393 1767 1394 1802 f

202 1857 454 1953 ΙΙΙιἰιιὶοἰιιίιιιιι
487 1876 537 1972 (2,
559 1875 633 1974 δι.)
665 1900 797 1951 omnes
829 1875 936 1978 regni
965 1876 1146 1952 Messiani
1178 1877 1274 1952 socii

214 2002 364 2106 'spiritu
387 2000 527 2074 divino
540 1999 693 2102 impleri
713 1997 915 2086 deberent,
936 1993 1093 2128 spiritus
1114 1987 1269 2078 sanctus

223 2129 331 2232 novis
352 2122 588 2216 Christianis
597 2139 684 2230 post
705 2124 990 2200 immersionem
992 2115 1152 2200 factam
1172 2155 1194 2200 a
1213 2153 1270 2200 se-

98 2289 104 2304 ‚
223 2224 398 2328 nioribus
417 2267 564 2339 coetus,
586 2250 726 2356 spiritu
745 2265 878 2338 sancto
899 2248 979 2354 jam
999 2251 1210 2356 repletis,''
1200 2280 1271 2328 rm-

223 2375 354 2482 positis
374 2377 554 2469 manibus
578 2375 880 2480 impertiebatur.
1266 2457 1271 2464 ,

98 2549 101 2562 ‹
190 2503 193 2508 ’
295 2503 328 2578 8.
357 2501 468 2597 Quae
482 2501 531 2576 de
543 2500 822 2578 resurrectione
835 2515 1078 2578 mortuorum
1091 2499 1190 2577 etde
1206 2497 1267 2598 ju-

104 2619 106 2626 ’
224 2627 325 2702 dicio
342 2633 511 2704 extremo
526 2624 690 2700 dicenda
704 2623 868 2711 fuerint,
891 2640 1029 2702 notum
1047 2640 1110 2696 est
1154 2699 1162 2709 ,
1196 2711 1200 2717 ᾖ

90 2797 101 2806 -
178 2764 179 2768 ’
293 2724 330 2836 ἓ.
348 2747 413 2821 70.
445 2755 476 2824 1.
503 2750 586 2824 Hac
616 2748 733 2850 igitur
755 2765 848 2824 sunt
875 2747 1094 2850 doctrinae,
1126 2748 1259 2850 quibus

223 2853 381 2952 lectores
407 2874 588 2977 epistolae
615 2872 783 2948 instituti
810 2888 938 2960 erant,
971 2872 1201 2974 priusquam
1225 2871 1264 2946 in

153 3096 158 3106 Ι
212 3001 530 3075 'Christianorum
542 3025 750 3075 nnmerum
762 2999 1037 3138 reciperentur.
1055 2997 1268 3070 Jamaccu-

185 3140 187 3144 ’
222 3125 342 3200 ratius
368 3123 677 3210 consideremus,
706 3152 803 3198 num
831 3123 875 3210 ii,
904 3120 1056 3240 quibis
1085 3119 1267 3194 doctrinis

134 3308 137 3318 .
188 3267 334 3326 terant
358 3249 604 3338 instituendi,
640 3248 781 3324 Judaei
808 3250 886 3324 esse
914 3246 1123 3350 potuerint
1165 3246 1267 3357 Num

222 3376 246 3448 J
248 3373 371 3450 udaeo
361 3399 481 3487 opus
495 3391 578 3450 erat
590 3373 824 3476 expositione
839 3372 1040 3446 effatorum
1046 3387 1093 3444 et
1106 3371 1266 3474 promis·

221 3499 375 3580 sionum
394 3500 468 3573 Dei
494 3497 542 3572 de
563 3524 680 3599 regno
699 3497 906 3584 Messinm,
931 3496 1074 3598 quibus
1099 3522 1122 3568 a
1142 3519 1265 3608 puero
1302 3513 1313 3534 ¹

221 3622 394 3701 imb‘utus
396 3639 499 3711 erat,
518 3621 557 3696 et
565 3647 671 3722 quae
684 3621 720 3696 ei
733 3638 921 3724 perpetua
934 3645 1131 3694 sacrorum
1146 3620 1265 3728 libro-

146 3811 148 3816 .
200 3775 310 3864 ‘rum
330 3749 371 3822 in
390 3748 584 3851 synagogis
601 3747 860 3850 praelectione
882 3745 1071 3850 penitus
1061 3773 1103 3820 m
1122 3770 1266 3821 memo-

223 3874 279 3948 ria
304 3873 547 3948 insidebant?
572 3871 676 3948 Num
694 3867 882 3958 sudariis,
907 3869 1015 3968 utin
1031 3870 1161 3944 Deum
1182 3895 1263 3981 ore·¹

223 3995 345 4084 deret,
366 3980 632 4073 admonendus
650 4011 748 4082 erat,
773 3994 805 4068 si
820 3993 865 4070 in
879 3993 1187 4090 Christianorum
1204 4017 1263 4070 so
