2856 4694
753 267 800 332 52

258 445 432 550 impurae
450 443 574 518 factae
591 462 682 518 sunt
694 442 724 515 ³³.
754 444 803 516 Et
821 443 900 547 ipse
919 445 1050 533 homo,
1075 450 1167 548 quia
1186 447 1299 551 lapsu

256 597 325 644 suo
342 597 380 644 se
396 571 437 644 in
452 570 606 644 Diaboli
622 587 845 672 potestatem
862 573 1042 656 contulit,
1065 571 1147 674 ejus
1163 573 1200 645 vi
1216 600 1298 646 om-

257 697 371 771 nibus
398 695 518 770 modis
545 713 600 768 est
629 713 840 799 corruptus.
884 697 981 804 Nam
1006 714 1101 770 tunc
1123 696 1298 798 primum

255 821 410 894 Diaboli
430 821 467 893 vi
487 801 655 894 mortalis
676 837 731 895 est
745 821 868 896 factus
889 821 950 918 (of.
963 837 1092 894 annot.
1106 819 1166 918 5.),
1189 819 1296 894 ideo-

255 973 332 1050 que
346 947 497 1048 primus
508 946 623 1020 homo
637 947 766 1048 generi
788 947 960 1020 humano
975 947 1110 1018 auctor
1123 962 1179 1018 est
1191 973 1294 1019 mor-

256 1071 301 1143 tis
314 1068 344 1141 ³⁸.
378 1069 504 1172 Opera
518 1086 556 1142 et
569 1069 698 1142 labore
712 1067 898 1142 indefesso
911 1069 1082 1153 Diaboli,
1103 1087 1295 1170 perpetuo

253 1191 431 1268 adversus
447 1193 575 1265 Deum
592 1191 865 1277 machinantis,
890 1190 990 1264 illud
1005 1193 1204 1267 universae
1221 1221 1293 1266 na-

252 1335 363 1392 turae
377 1313 740 1408 discidium-factum
755 1331 827 1408 est3
850 1343 973 1414 quum
988 1342 1046 1388 res
1061 1333 1099 1388 et
1113 1317 1292 1390 animan-

250 1443 315 1530 tia,
339 1467 438 1542 quae
455 1441 503 1514 ab
519 1437 601 1541 ejus
618 1441 791 1542 partibus
806 1457 919 1526 stant,
940 1441 981 1514 in
995 1442 1124 1513 Deum
1140 1441 1289 1514 omnia-

251 1592 338 1667 que,
358 1591 457 1667 quae
473 1565 556 1636 Deo
572 1562 698 1648 fidelia
712 1579 1015 1664 permanserunt,
1033 1562 1288 1638 infensissima

249 1689 335 1763 sint.
370 1691 427 1761 Ita
446 1684 568 1788 major
585 1711 672 1788 pars
691 1686 893 1760 hominum
913 1686 1004 1759 inde
1028 1715 1049 1759 a
1073 1703 1200 1759 creato
1223 1713 1285 1788 ge·

134 1849 141 1858 ,
250 1840 342 1894 nere
363 1813 534 1886 humano
556 1813 631 1884 Dei
654 1827 779 1913 partes
807 1810 981 1884 deseruit.
1022 1811 1105 1882 Deo
1135 1836 1286 1912 semper

248 1938 363 2042 pauci
378 1954 529 2012 tantum
541 1933 684 2008 addicti
697 1933 874 2023 fuerunt3
889 1933 1080 2035 prioribus
1095 1934 1285 2007 aetatibus

248 2175 338 2236 quam
354 2152 505 2229 viderunt,
530 2155 569 2210 ita
594 2150 636 2231 [id
653 2173 684 2212 se
707 2151 841 2230 habere],
865 2149 1012 2210 dixerunt:
1039 2151 1101 2210 Nisi
1126 2151 1282 2212 consilium

247 2265 394 2342 capimus,
414 2273 448 2318 ut
460 2271 562 2339 peccet
580 2281 680 2317 coram
699 2272 830 2317 creatore
847 2279 917 2334 suo,
935 2260 962 2317 ei
974 2256 1046 2316 nihil
1061 2259 1188 2338 [inferre]
1206 2279 1281 2338 pos-

247 2389 355 2428 sumus.
385 2367 424 2425 Et
443 2379 504 2426 erat
520 2365 665 2423 Sammael
680 2367 814 2444 princeps
832 2385 954 2442 magnus
972 2369 1001 2424 iu
1018 2363 1121 2433 coelis;
1144 2367 1281 2426 animalia

247 2475 369 2555 [sancta]
396 2485 523 2553 quatuor
543 2471 688 2531 habebant
710 2471 791 2548 alas,
817 2472 970 2552 Seraphim
990 2493 1041 2533 sex
1061 2471 1225 2552 habebant,
1251 2487 1280 2534 et

245 2580 390 2641 Sammael
402 2577 567 2638 duodecim
590 2576 670 2654 Quid
682 2579 750 2638 feeit
765 2580 929 2640 Sammael?
948 2581 1058 2640 Sumsit
1072 2601 1176 2660 agmen
1188 2603 1276 2642 suum

245 2707 280 2748 ac
296 2681 454 2745 descendit.
475 2685 514 2742 Et
530 2680 601 2744 vidit
619 2687 716 2743 omnia
734 2688 902 2764 animantia,
920 2708 1013 2767 neque
1026 2690 1134 2747 invenit
1149 2691 1225 2748 inter
1242 2711 1276 2748 ca

135 2800 138 2808 '
244 2794 356 2872 sapiens
376 2791 469 2851 ullum
490 2787 529 2848 ad
549 2789 659 2860 malum
678 2787 865 2870 [faciendum]
888 2795 943 2852 nisi
961 2813 1101 2872 anguem,
1122 2807 1176 2870 etc.
1202 2795 1274 2874 [tte-

242 2897 321 2976 liqua
335 2909 369 2955 ut
384 2899 415 2954 in
430 2895 498 2956 loco
514 2892 723 2976 praecedente]

301 3015 325 3049 ³³
344 3019 511 3080 Bereschith
522 3019 623 3096 rabba,
634 3018 721 3081 seder
730 3019 907 3097 Bereschith,
917 3043 978 3100 par.
992 3034 1039 3100 12,
1050 3021 1098 3082 fol.
1114 3030 1162 3100 14,
1171 3023 1272 3085 coll:

170 3113 172 3117 “
241 3133 312 3221 uu
343 3102 522 3222 ,insum
563 3107 615 3197 br
656 3131 810 3197 ninam
847 3131 1001 3200 isram
1033 3135 1080 3198 tn
1123 3111 1175 3201 br
1216 3139 1272 3222 aa
1367 3135 1379 3161 ⁰

240 3248 355 3339 trum
388 3247 464 3336 rara
496 3247 578 3315 rau
615 3222 809 3342 ,bubum
844 3249 990 3332 ticam
1023 3251 1109 3316 nra
1142 3253 1270 3320 sunu

239 3363 361 3426 'aeEtsi
373 3374 560 3422 creataesunt
570 3383 615 3420 res
625 3384 695 3441 per·
722 3364 811 3451 affl
839 3363 881 3448 l:
907 3355 1014 3430 83Ἶῖζί
1040 3349 1095 3431 w,
1116 3341 1270 3464 ptpaffi

226 3469 347 3544 lectae,
365 3479 461 3526 tamen
491 3467 558 3546 quia
584 3461 716 3546 peccavit
741 3471 852 3549 primus
868 3471 983 3552 bomo,
1008 3489 1166 3556 corruptae
1191 3475 1271 3556 sunt,

236 3595 331 3654 neque
341 3575 422 3653 prius
434 3575 464 3630 in
476 3574 716 3631 restaurationem
728 3570 860 3652 redeunt,
875 3596 963 3656 quam
978 3581 1073 3640 veniet
1086 3581 1162 3642 filius
1175 3584 1269 3646 Perez

237 3680 304 3760 [le.
324 3680 461 3754 Messias,
489 3679 540 3758 qui
563 3698 580 3737 a
602 3678 691 3739 Perez
715 3698 804 3756 genus
826 3676 931 3761 ducit]⁸
956 3684 1008 3760 (cf.
1026 3684 1186 3766 Apocll,
1210 3699 1267 3760 18,

236 3785 357 3863 nonas,
370 3789 432 3860 ts).
1005 3781 1008 3786 ¹

296 3909 318 3962 ’t
338 3912 372 3970 R.
384 3909 490 3972 Bechai
503 3911 544 3968 in:
551 3924 703 3973 comment
719 3912 762 4008 ad
774 3875 898 3992 Pectat,
914 3917 998 3984 Tom
1009 3919 1052 3998 11,
1073 3941 1135 4002 par.
1148 3886 1266 3986 Vaetb-

235 4014 362 4093 chanan,
377 4016 484 4094 fotos,
497 4017 591 4078 cola:
703 4019 713 4030 '
