2872 4690
595 263 601 268 “
620 248 696 318 ἨΒ

143 428 183 514 is,
201 425 273 526 qui
288 423 518 500 dubitando:
534 423 625 498 anJ
627 451 710 500 esus
724 452 811 501 vere
826 425 1178 519 fueritMessias'eo

143 549 333 625 adductus
346 549 413 636 sit,
431 563 477 624 ut
491 549 720 624 sententiam
735 551 783 626 de
798 537 945 656 duplici
957 553 1116 630 Messias
1140 555 1183 631 in

141 689 281 764 terram
301 672 470 747 adventu
486 673 681 777 reprobet,
705 690 822 777 atque
848 676 1184 755 unicumtantum
1225 750 1228 762 ,

141 799 300 874 Messias
338 797 549 872 adventum
585 796 636 872 ad
676 799 988 876 constituendum
1010 791 1183 904 sregnum

144 923 379 998 Messianum
404 921 485 996 fore
508 937 674 1010 censeat,
694 949 821 1025 neque
846 923 963 1026 igitur
983 923 1116 1001 Jesum
1139 930 1182 1006 in

143 1074 306 1150 persona
314 1045 472 1120 Messiae
489 1060 739 1123 retenturum
753 1053 831 1123 esse
845 1045 984 1138 credat,
1001 1049 1182 1132 utiChri-

143 1171 258 1246 stiani
276 1158 495 1245 credebant
640 1257 642 1260 .
1281 1157 1283 1166 ,

198 1297 250 1370 ³3.
273 1293 402 1390 Quam
412 1291 685 1382 definitionem,
699 1296 1182 1400 proptereaquodfortasse

143 1419 391 1522 peregrinum
403 1432 529 1519 sonat,
552 1419 633 1492 noli
651 1419 704 1492 sic
721 1436 861 1494 temere
875 1423 1101 1524 reprobare,
1113 1423 1182 1500 sed
1210 1509 1225 1520 ,ι
1271 1437 1279 1448 “

141 1541 358 1640 accuratius
376 1564 468 1631 ,eam
491 1541 707 1644 perpendas
736 1543 861 1616 velim.
896 1545 935 1618 Si
957 1546 1061 1620 enim
1079 1562 1182 1628 recte
1208 1639 1212 1646 ¹

143 1693 183 1742 se
194 1667 349 1754 habent,
364 1691 464 1767 quae
477 1665 640 1744 antehac
651 1665 901 1741 disseruimus
914 1666 1199 1773 dedisciplina.
1267 1755 1269 1766 ,
1296 1685 1297 1688 ’

143 1789 297 1892 judaica
315 1789 440 1892 deque
458 1789 687 1876 discrimine,
700 1790 806 1891 quod
822 1791 923 1864 inter
935 1789 1130 1894 judaicam
1143 1809 1182 1868 et

146 1915 393 1990 christianam
421 1913 636 1988 doctrinam
660 1915 834 2002 interest,
863 1914 965 1988 hanc
991 1913 1183 1992 definitio*

145 2066 237 2113 nem
251 2061 331 2112 non
342 2055 447 2142 potes
458 2066 538 2114 non
551 2038 724 2142 probare
762 2037 851 2134 Qua
866 2065 907 2112 re
921 2039 988 2113 via
986 2039 1046 2113 ad
1058 2039 1181 2116 absol-

145 2162 323 2276 vendam
334 2168 503 2236 nostram
527 2157 804 2276 quaestionem
815 2177 947 2262 aperta
973 2177 1046 2256 est3
1079 2187 1182 2245 sum·

144 2313 252 2359 mum
281 2285 385 2363 enim
410 2263 746 2387 impedimentum,
782 2285 990 2384 quominus
1013 2284 1116 2366 hanc
1144 2301 1183 2360 et
1212 2306 1219 2316 ‘

143 2409 283 2484 similes
297 2406 538 2511 quaestiones
555 2406 834 2494 absolvamus,
823 2435 865 2480 1n
882 2406 1047 2482 confusis
1064 2425 1101 2482 et
1110 2409 1182 2484 fal

143 2533 192 2606 sis
206 2533 371 2636 positum
384 2531 750 2638 estcogitationibus,
763 2557 858 2634 quas
869 2531 916 2606 de
929 2532 1062 2635 primis
1072 2534 1184 2610 Chri

144 2655 275 2730 stianis
291 2656 419 2738 animo
438 2655 548 2728 nobis
567 2652 708 2756 fingere
721 2656 1000 2756 consuevimus.

106 2753 1182 2880 .§wmmfflfflmfflm

145 2900 321 2991 daturne,
345 2903 508 3006 scriptor
525 2929 679 2978 omnem
695 2904 786 2977 libri
794 2891 993 2978 rationem
1006 2904 1056 2978 ad
1071 2905 1180 2981 hunc
1265 2914 1269 2928 “

143 3017 353 3128 legentium
364 3027 539 3103 animum
552 3026 838 3101 accommodare
853 3027 995 3115 debuit,
1010 3056 1182 3136 omnem·
1256 3047 1259 3052 “
1331 3019 1335 3027 “

144 3176 221 3252 que
241 3177 396 3252 operam
414 3153 456 3224 in
474 3179 519 3225 oo
539 3176 694 3253 ponere,
717 3167 763 3225 ut
779 3149 1051 3226 confirmandis
1072 3153 1184 3228 Chri-

142 3274 356 3350 stianorum
385 3273 683 3375 refellendisque
718 3274 957 3349 Judaeorum
985 3277 1182 3353 sententiis
1261 3264 1266 3280 '

143 3397 378 3474 Christianos
394 3397 478 3471 illos
495 3396 716 3500 prohiberet
730 3397 780 3472 ad
800 3397 1038 3474 Judaeorum
1056 3416 1182 3504 partes

143 3522 316 3596 transire.
703 3597 704 3604 ,
1061 3511 1064 3518 “

215 3649 248 3720 2.
276 3645 516 3720 Potissimum
529 3645 615 3721 ideo
627 3645 807 3749 epistolae
819 3661 1088 3748 argumentum
1096 3673 1181 3722 ver·

141 3786 247 3845 setur
258 3797 410 3846 necesse
420 3786 477 3846 est
492 3771 535 3846 in
548 3769 820 3846 confirmandis
831 3785 870 3844 et
880 3767 1183 3848 demonstrandis
1262 3839 1264 3846 ,

142 3892 651 3973 Christianorumsententiis
665 3893 712 3968 de
726 3892 873 3998 duplici
882 3891 1063 3994 Messiae'
1052 3923 1095 3970 1n
1104 3911 1179 3971 ter·

131 4045 226 4115 *ram
239 4009 426 4106 adventu,
449 4017 576 4122 deque
586 4044 677 4094 vera
686 4017 780 4095 Jesu
788 4013 976 4095 Messiana
988 4016 1182 4120 dignitate,

1003 4149 1069 4220 ¹⁰.
