2872 4690
719 251 846 318 {⁰0¹

308 430 340 504 5.
368 427 503 525 Quum
526 427 644 531 igitur
666 423 887 516 crederent,
906 403 1096 502 Israelitas
1114 424 1274 502 Messiac
1329 492 1334 502 .

234 545 413 654 aequales
429 552 532 626 vivos
552 549 594 623 in
613 550 720 652 regni
738 549 918 622 Messiani
939 549 1159 656 societatem
1183 575 1276 624 ven·

101 718 110 734 =
234 693 339 752 turos
353 701 430 752 esse
448 675 511 773 (cf.
524 684 652 750 annot
671 675 1118 773 6831Thess.r,15,17.),
1137 694 1275 762 morte,

103 783 112 794 ’
234 800 346 904 eujus
369 804 413 876 in
440 825 501 876 eos
523 799 689 876 Diabolo
713 815 876 902 potestas
905 813 1017 886 esset,
1049 825 1143 883 nont
1158 801 1273 886 obita,

234 925 297 1022 (cf.
310 925 443 1000 Matth.
459 932 515 1011 16,
529 935 592 1015 ²⁸3
614 925 732 998 Marc.
745 931 779 1010 9,
795 952 808 992 ι
822 953 832 1016 ;
855 927 946 997 Luc
956 930 990 1008 9,
1008 923 1081 1021 27.)
1106 923 1147 996 id
1163 924 1273 999 nulla

137 1065 144 1076 '
232 1049 308 1126 alia
327 1047 548 1124 conditione
567 1047 650 1124 lieri
668 1075 775 1152 posse
799 1050 1024 1158 censebant,
1050 1049 1169 1124 nisisi
1188 1051 1274 1151 q'uis

232 1174 330 1249 alius
345 1201 417 1278 pro
433 1175 477 1248 iis
485 1175 643 1249 Diaboli
659 1174 738 1276 juri
753 1174 1003 1260 satisfaceret,
1032 1189 1274 1276 mortemque

233 1299 282 1404 als
303 1299 348 1373 iis
370 1325 441 1403 per
461 1313 617 1402 peccata
637 1298 710 1372 sibi
732 1313 968 1371 contractam
995 1295 1043 1393 (v.
1059 1314 1188 1371 annot.
1205 1298 1273 1396 4‘.)

233 1448 367 1498 eorum
380 1424 465 1497 loeo
479 1421 644 1514 subiret,
667 1437 784 1522 atque
797 1419 870 1494 hae
887 1420 1035 1494 ratione
1049 1445 1140 1494 suae
1155 1421 1273 1524 ipsius

231 1546 330 1620 vitae
349 1547 474 1650 pretio
495 1573 629 1622 eorum
649 1545 744 1620 vitas
764 1543 986 1631 redimeret,
1016 1546 1122 1620 omni
1143 1547 1273 1621 mortis

159 1747 166 1756 ,
233 1668 457 1746 inferendae
483 1686 683 1772 potestate,
713 1697 832 1771 quam
849 1669 1037 1744 Diabolus
1059 1671 1100 1745 in
1123 1697 1185 1746 eos
1205 1671 1274 1746 ha·

231 1791 389 1880 buissel,
424 1794 617 1898 perhanc
639 1810 800 1867 mortem
818 1793 1000 1868 vicariam
1021 1775 1214 1869 exstincta.

304 1919 337 1992 6.
366 1917 502 2013 Quum
518 1943 608 1992 vero
625 1917 755 2020 plures
775 1917 964 1992 librorum
983 1937 1179 1994 sacrorum
1197 1919 1273 1994 loci

202 2075 204 2082 ·
230 2057 396 2131 exstent,
420 2043 620 2146 inquibus
643 2041 689 2116 de
707 2043 843 2116 lllessia
864 2070 934 2145 pro
952 2044 1117 2146 peccatis
1135 2043 1274 2146 populi

231 2169 403 2244 cruciate
419 2184 535 2269 atque
553 2167 675 2242 occiso
691 2168 826 2269 agitur,
844 2167 913 2242 hos
930 2168 981 2242 ad
995 2185 1158 2243 aetatem
1174 2169 1273 2244 Mes-

230 2295 308 2369 siae
332 2293 535 2394 aequalem
562 2319 583 2368 e
604 2294 761 2368 Diaboli
785 2310 969 2396 potestate
993 2321 1064 2398 per
1085 2296 1272 2372 vicarium

232 2417 429 2520 quendam
444 2418 708 2492 redimendam
718 2436 889 2521 spectare
903 2420 1087 2507 arbitrati,
1097 2420 1273 2494 Messiam

232 2544 358 2647 ipsum
371 2542 422 2617 ad
438 2543 680 2618 redimendos
698 2545 770 2618 sibi
788 2546 977 2646 aequales,
997 2561 1035 2620 et
1051 2560 1096 2619 ut
1107 2545 1272 2620 Diabolo

231 2666 478 2752 satisfaceret,
505 2668 738 2742 moriturum
754 2691 831 2742 esse
845 2664 1073 2744 statuerunt.

303 2797 337 2864 7.
366 2795 423 2865 Ita
452 2792 532 2894 ipse
557 2789 710 2866 Messias
735 2817 805 2893 pro
829 2792 904 2864 Dei
928 2791 1073 2894 populo
1100 2806 1270 2877 mortem,

232 2944 350 3018 quam
370 2917 536 3018 peccatis
564 2915 637 2989 sibi
660 2931 956 3002 contraxerunt,
983 2914 1114 2988 subire
1141 2914 1272 2988 crede-

231 3040 347 3116 bat'ur
365 3042 496 3138 (Hebr.
509 3047 542 3126 2,
556 3071 594 3133 93
613 3049 647 3126 9,
662 3051 700 3110 15
713 3073 722 3132 3
747 3069 760 3108 ι
775 3040 856 3111 Cor.
871 3046 926 3125 15,
940 3051 979 3131 33
1003 3041 1125 3112 1Petr.
1137 3048 1170 3126 5,
1188 3039 1270 3136 ra),

171 3331 173 3342 ι
198 3254 216 3338 Ι-
232 3311 321 3370 perne
342 3301 430 3371 atque
449 3291 577 3350 inlernet
608 3289 790 3368 Simulatque
815 3290 842 3346 ei
858 3286 966 3347 tradita
983 3299 1188 3367 estpotestate,
1212 3308 1272 3348 non

233 3395 324 3476 redit,
351 3394 447 3458 donec
467 3397 637 3458 absolutum
656 3410 700 3458 est
719 3393 793 3456 illud
811 3396 931 3458 malum
937 3393 1098 3475 judicium,
1128 3393 1168 3454 ad
1188 3391 1271 3478 quod

233 3502 430 3566 exercendum
457 3515 586 3585 potestas
615 3507 643 3564 ei
665 3501 773 3564 tradita
798 3515 860 3580 est,
888 3514 938 3562 aut
956 3501 1048 3562 donec
1071 3500 1161 3560 datter
1182 3514 1225 3560 est
1244 3501 1272 3560 ci

182 3671 186 3680 ,
228 3631 289 3696 pro
304 3631 354 3670 reo
369 3612 447 3672 alius
460 3608 505 3669 ad
519 3609 738 3698 expiationem
759 3629 828 3668 narn
845 3629 957 3670 vacuus
969 3604 1125 3685 comedit,
1146 3604 1270 3678 simulac

234 3729 363 3800 potestas
380 3719 406 3777 ei
428 3715 533 3777 tradita
554 3727 606 3776 est.
629 3712 771 3796 (Eandem
790 3718 961 3776 sententiam
974 3719 1127 3812 repetitam
1141 3717 1269 3776 invenies

234 3829 263 3886 in
280 3821 545 3894 Sotmrctadasct,
564 3821 698 3903 par-asch.
715 3821 812 3899 Balalr‚
829 3821 878 3882 fol.
891 3828 940 3896 43,
961 3822 1017 3883 col.
1029 3831 1055 3881 3.
1074 3823 1166 3880 Emclr
1182 3825 1268 3881 Ιιαηι-

234 3935 343 3994 melecta
361 3930 474 3992 Schaar
493 3931 571 3991 clam
587 3928 728 4008 hatteha,
755 3929 804 3990 fot
822 3937 871 4005 35,
892 3927 948 3989 col.
967 3941 980 3988 1
1001 3941 1030 3988 et
1046 3941 1084 4005 2,
1104 3941 1133 3989 et
1153 3929 1267 3991 Schaar

122 4095 132 4112 ,
234 4041 339 4100 rescha
355 4036 436 4098 diser
448 4041 543 4118 anpin,
560 4037 701 4116 fol-124,
722 4037 830 4120 col-3.)
