2856 4694
518 279 674 346 'll

141 455 207 528 ι..
232 451 313 526 aa
320 437 473 536 asnaa
490 454 729 580 uapor
669 456 783 570 ῑιιιιιι
799 413 865 541 io
878 452 994 584 opor
1008 352 1164 545 mosa

140 604 216 679 quo
232 603 323 652 arca
334 571 494 650 foederis
511 491 617 672 (crim
632 573 770 654 tabulis
784 575 927 677 legum)
943 577 1162 658 abscondita

139 717 210 784 est,
241 699 356 774 etiam
386 723 485 774 urna
515 723 698 784 mannae,
730 723 869 774 urceus
896 699 970 778 olei
997 705 1163 779 uncto'rii

136 839 253 924 atque
270 820 388 924 scipio
408 817 596 894 Aharonis
615 843 704 894 cum
723 818 928 922 amygdalis
948 839 987 901 et
1005 822 1163 902 floribus

134 972 215 1020 una
231 941 451 1020 abscondita
468 957 568 1016 sunt
604 939 713 1036 Quae
734 967 793 1016 res
812 941 946 1020 iisdem
962 949 1087 1026 verbis
1104 970 1163 1024 re.

65 1141 68 1146 ,
135 1069 279 1172 petitur
304 1068 347 1142 in
370 1083 474 1144 tract
498 1063 700 1168 Horajoth‚
725 1083 811 1142 sect
834 1075 866 1140 5.
896 1066 1003 1170 (Ajin
1018 1071 1164 1160 Jaalol'.

81 1184 84 1188 ’
133 1186 1163 1290 Tomalll,fol.,16,c.³)etintractSclaeltalimsectl7.

135 1317 244 1420 (Ajin'
260 1315 407 1404 ‹laalro‘ss¹
428 1317 531 1390 Tom.
547 1317 596 1402 ΙΙ,
616 1313 680 1390 fol.
700 1342 754 1403 rr,
775 1315 845 1390 col.
858 1315 906 1415 3).
937 1319 1032 1394 Jure
1048 1319 1164 1423 igitur

134 1439 364 1519 mirandum·
380 1457 452 1527 est,
489 1438 595 1540 quod
622 1439 846 1542 interpretes
870 1458 1008 1546 putare
1029 1461 1163 1546 potue-

133 1583 235 1654 runt,
251 1566 473 1666 scriptorem
488 1563 534 1638 de
548 1564 690 1666 templo
699 1564 1042 1668 Hierosolymitano
1054 1593 1163 1670 agere

26 1733 31 1739 ·
131 1716 256 1796 quum
269 1715 315 1765 ex
327 1687 523 1775 omnibus,
542 1713 637 1788 quos
652 1688 905 1777 laudavimus,
922 1691 1013 1766 locis
1025 1709 1162 1794 pateat,

132 1813 355 1911 scriptorem
369 1835 450 1884 non
466 1809 686 1909 aequalium
701 1809 797 1882 ritus
813 1825 852 1882 et
865 1837 969 1888 sacra
984 1830 1180 1914 spectare,

34 1943 39 1958 '
133 1931 203 2005 sed
213 1947 288 2016 eos
303 1955 396 2030 quos
409 1928 709 2031 inlibris-Moysis
723 1928 948 2032 descriptos
931 1960 1165 2012 invemmus
1175 1902 1244 2055 l

209 2051 366 2147 Quum
355 2053 471 2156 igitur
482 2053 566 2128 illos
580 2053 687 2128 locos
692 2051 743 2130 ad
755 2056 940 2158 templum
949 2054 1244 2161 Hierosoly·
1175 2033 1182 2122 l
1200 2006 1244 2108 ll

9 2175 11 2178 ’
137 2177 323 2252 mitanum
349 2177 445 2252 falso
464 2177 608 2252 referri
632 2178 855 2267 viderimus,
886 2181 1163 2283 argumentatio

133 2317 288 2404 quoque
302 2320 401 2392 tota,
420 2331 521 2406 quae
538 2303 579 2378 in
596 2303 700 2378 hac
688 2305 1001 2408 interpretatione
1015 2305 1164 2393 nititur,

28 2409 31 2415 ”
135 2453 211 2500 ιιοιι
231 2427 394 2528 amplius
412 2443 511 2500 stare
528 2442 662 2529 potest

193 2521 242 2636 5.
258 2551 294 2624 7.
323 2551 376 2622 Ut
385 2566 514 2628 autem
528 2551 618 2624 illa
608 2550 872 2653 rnterpretatio
886 2549 1043 2626 omnino
1057 2569 1159 2630 recta

133 2676 189 2763 sit,
205 2675 326 2750 nihilo
340 2690 468 2748 tamen
478 2675 605 2784 minus
619 2675 893 2777 argumentatio
903 2673 1084 2776 ipsal'alsa
1095 2693 1161 2752 est.
1209 2723 1216 2734 ·
1246 2703 1262 2728 ⁴

155 2845 157 2850 -
183 2802 213 2872 1.
238 2800 336 2874 Nam
351 2799 497 2873 etiamsi
515 2801 663 2877 cultum
680 2803 812 2906 templi
827 2799 1160 2904 Hierosolymitani

132 2921 175 3002 in
200 2939 326 2996 nostra
357 2921 513 3026 epistola
541 2923 690 3024 saepius
718 2940 1053 3008 commemoratum
1082 2947 1160 3000 esse

132 3042 250 3133 dicas,
271 3045 344 3119 hac
362 3062 491 3124 tamen
511 3058 552 3120 re
574 3074 653 3130 non
671 3050 899 3150 probavisti,x
916 3050 1074 3124 lectores
1088 3052 1159 3126 Ju-

131 3165 243 3242 daeos
266 3167 388 3252 fuisse*
403 3167 551 3250 debere.
586 3161 720 3271 Neque
742 3171 845 3246 enim
869 3173 992 3256 obiter
1006 3200 1053 3248 ac
1072 3174 1158 3250 bre-

128 3277 227 3367 viter
246 3290 292 3364 de
307 3290 366 3364 his
384 3291 497 3366 rebus
515 3292 592 3393 agit
607 3293 782 3395 scriptor,
802 3295 908 3396 quod
923 3295 1048 3382 facere
1063 3298 1157 3372 sole-

128 3441 231 3504 mus,
254 3441 376 3516 quum
392 3414 437 3502 iis¹
455 3415 601 3500 utimur
616 3416 834 3506 lectoribus,
854 3420 1011 3521 quibua,
1036 3437 1080 3496 ut
1096 3447 1157 3496 ea-

127 3567 218 3624 rum
237 3559 384 3624 rerum,
411 3536 459 3610 de
477 3538 619 3638 quibus
637 3531 781 3642 agitur,
801 3541 958 3618 scientia
980 3541 1058 3644 jam
1079 3544 1156 3646 pri-

126 3663 218 3739 dem
245 3661 416 3751 imbutis,
447 3659 573 3737 brevis*
594 3667 897 3741 commemoratio
924 3668 1157 3772 paucissimis

125 3787 251 3864 verbis
275 3787 475 3894 constricta
490 3787 863 3893 ad‘intelligendum
883 3792 1060 3885 sufficiat3
1089 3790 1156 3866 sed

125 3912 277 4016 copiose
295 3937 354 3986 res
373 3913 456 3986 illas
477 3911 670 4002 describiu
698 3931 813 4015 atque
836 3915 909 4004 ita,
927 3932 978 3993 ut
998 3941 1060 3990 eas
1077 3895 1154 3992 lee-

126 4036 272 4115 toribus
290 4062 370 4123 non
385 4037 472 4114 satis
490 4052 597 4131 notas
616 4037 730 4114 fuisse
747 4038 964 4144 putandum
979 4040 1037 4114 sit
1073 4041 1152 4116 Do·
1208 4101 1210 4111 .
