2856 4716
564 781 593 908 j
622 783 806 881 saror
852 785 976 884 ιιι·

345 985 462 1124 ἓ89.
490 1031 579 1107 Jam
591 1027 668 1106 'alii
689 1031 847 1132 'quoque
868 1025 1051 1133 epistolae
1069 1025 1146 1105 loci
1158 1045 1334 1106 senten-

272 1147 365 1232 'tiam
386 1173 556 1232 nostram
574 1151 838 1245 coniirinint¹
865 1155 913 1228 In
936 1145 1144 1240 c.5„v.1i.
1171 1155 1332 1257 legitur

110 1317 114 1326 ·
183 1365 194 1378 ‚
269 1279 502 1356 adhortatio:
528 1279 585 1354 Ne
599 1273 793 1384 inereduli
808 1291 924 1350 estote
936 1301 1045 1390 ¹neve
1061 1281 1108 1350 de
1120 1284 1209 1352 Deo
1223 1282 1328 1352 vivo

265 1405 438 1498 deficite,
484 1429 586 1506 quae
626 1401 841 1478 adhortatio
883 1401 1039 1476 nonnisi
1073 1397 1116 1474 in
1151 1402 1327 1503 gentiles

267 1525 500 1603 Christianos
520 1525 648 1602 ‘cadit
705 1525 893 1602 Judaicus
919 1525 1029 1600 ‘enim
1056 1515 1323 1638 Chiistianus

265 1651 334 1726 etsi
354 1679 377 1726 a
393 1649 699 1748 Christianorum
718 1667 829 1754 parte
853 1647 1046 1728 defecerat
1070 1665 1109 1724 et
1133 1645 1321 1751 judaicas

264 1775 466 1916 opiniones
495 1799 628 1851 rursus
656 1774 855 1878 amplexus
885 1789 983 1862 erat,
1022 1789 1153 1848 tamen
1176 1801 1199 1850 a
1222 1775 1321 1850 Deo

185 1981 191 1996 ,
263 1899 349 1976 vivo
380 1897 404 1974 i.
426 1925 457 1978 e.
490 1927 513 1973 a
530 1897 686 1974 Jehova
718 1897 899 1974 defecisse
928 1895 1007 1972 dici
1035 1923 1116 1972 non
1145 1913 1316 2001 poterat,

262 2031 388 2128 quum
406 2021 574 2100 Jehovae
594 2022 745 2099 cultum
771 2047 896 2124 aeque
924 2020 1085 2096 firmiter
1102 2023 1292 2098 teneret
1278 2049 1315 2098 rs

261 2149 332 2253 qui
352 2176 374 2224 a
395 2131 651 2235 Judaeor'um,
677 2163 808 2249 atque
821 2144 852 2220 is
866 2146 976 2247 quia
998 2142 1312 2234 Christianorirm

251 2271 434 2378 partibus
456 2275 589 2350 stabat.
640 2269 703 2348 An
724 2249 932 2382 credideris
952 2247 1254 2348 Christianum
1240 2301 1308 2376 Ju-
1393 2279 1394 2285 ’

259 2385 417 2476 daicum
449 2397 501 2474 ed
538 2396 789 2488 deserendam
817 2367 1122 2472 Christianorum
1152 2414 1307 2502 partem

122 2575 138 2600 t
176 2555 182 2574 ·
256 2529 496 2628 propensum
512 2521 570 2606 id
595 2522 726 2597 animo
750 2521 940 2624 agitasse,·
965 2537 1011 2596 ut
1033 2519 1085 2616 ad
1107 2521 1305 2598 idolorum

258 2647 410 2728 cultum
426 2675 465 2723 se
486 2647 749 2722 converteret?
770 2683 775 2693 1
794 2642 926 2748 Quam
951 2631 1131 2721 sesanam
1152 2647 1302 2750 opinio-

258 2801 349 2849 nem
382 2779 507 2876 quum
538 2795 652 2845 nemo
680 2770 747 2858 sit‚·
780 2770 850 2872 qui
882 2757 1070 2874 proferat,
1105 2770 1207 2844 nihil
1233 2789 1297 2860 est,

256 2896 364 3000 quod
374 2895 556 3000 pluribus
572 2921 659 3002 eam
672 2893 855 2970 refellam·
907 2893 1072 2970 Gentilis
1085 2919 1174 2970 vero
1190 2895 1299 2972 Chri-

197 3117 202 3122 .
255 3022 402 3097 stianus
419 3045 490 3124 per
510 3011 816 3124 desperationem
835 3019 942 3121 regni
957 3018 1136 3094 Messiani
1163 3020 1297 3122 (quam

256 3147 390 3222 tollere
413 3144 652 3249 potissimum
675 3143 852 3248 scriptori
873 3141 1112 3247 propositum
1136 3148 1207 3236 est)
1232 3125 1296 3220 de·
1392 3181 1393 3188 ¹

235 3277 382 3372 *serens
399 3241 705 3344 Christianorum
725 3277 889 3380 partem,
917 3267 968 3342 ad
986 3293 1105 3370 qnam
1120 3269 1169 3342 ob
1190 3272 1296 3372 regni
1392 3291 1393 3366 j

253 3395 434 3472 Messiani
449 3419 557 3496 spem
570 3399 610 3468 s'e
605 3392 859 3480 contulerat,
885 3391 1001 3467 etiam
1015 3392 1166 3470 cultum
1180 3395 1204 3466 J
1206 3393 1293 3468 eho-

198 3547 205 3554 ’
253 3547 322 3598 vae
349 3500 546 3596 deserebat
575 3517 614 3610 et
642 3539 787 3592 rursus
785 3513 850 3590 ad
872 3499 1080 3648 pristinum
1102 3493 1292 3644 idolorum
1377 3580 1380 3589 ,

252 3647 404 3723 cultum
430 3641 635 3717 recidebat

323 3769 458 3871 Neque
478 3768 584 3841 enim
603 3763 686 3840 fore
707 3745 888 3849 existimo,
915 3763 984 3866 qui
1011 3763 1158 3853 credat,
1184 3765 1290 3840 Chri-

249 3895 420 3972 stianum
435 3879 618 3993 gentilem
638 3917 660 3961 a
678 3887 983 3963 Christianorum
1000 3907 1109 3992 parte
1133 3909 1290 3994 propter

193 4019 199 4031 “
250 4004 577 4124 desperationem·
595 4012 702 4116 regni
728 4012 908 4092 Messiaui
945 4012 1187 4090 deficientem
1218 3995 1288 4088 cir-
