2856 4716
619 249 724 320 era
785 335 788 341 Ι

100 407 105 413 “
129 425 361 528 captivitatis
380 451 473 502 suae
485 427 688 532 'angustias
708 428 998 514 nuntiantibus,
1027 443 1111 502 tum
1131 427 1173 502 in
1186 447 1196 512 p

129 550 241 625 hunc
257 547 418 628 niodum
438 549 802 642 animumeffundit
830 552 881 649 (5,
903 578 984 646 12²,
1005 580 1046 639 ¹7
1068 549 1175 648 etc.):

116 669 279 754 -Eadern
306 672 412 748 vobis
442 689 618 776 repetere
645 673 743 748 mihi
771 700 852 762 non
876 673 1079 780 molestum
1094 690 1185 776 'est'
1387 669 1391 674 ’

129 798 349 897 yonis-vero
373 794 661 896 confirmationi
684 797 765 872 erit
806 797 944 872 Cavete
969 825 992 872 a
1013 798 1174 874 canibus

128 911 380 1019 illisjcavete
401 949 423 994 a
445 921 556 996 malis
581 922 661 998 illis
677 911 877 1026 operariis,
904 939 1043 1022 cavete
1056 952 1079 998 a
1098 923 1174 998 cir-

132 1047 369 1124 cumcisione
384 1102 478 1119 .....
505 1046 719 1142 Imitatores
738 1046 815 1122 mei
840 1062 935 1135 este,
959 1047 1112 1134 fratres,
1137 1065 1175 1122 et

131 1173 308 1276 respicite
326 1198 406 1259 eos,
429 1171 571 1272 quiite
592 1172 795 1247 ambulant
816 1172 862 1270 [i.
870 1199 900 1246 e.
925 1171 1043 1248 talem
1056 1172 1174 1252 vitam

134 1297 286 1402 agunt]‚
309 1295 422 1370 sicuti
439 1321 501 1370 me
518 1295 739 1398 exemplum
753 1290 912 1370 hahetis.
935 1296 1053 1370 Multi
1068 1297 1173 1372 enim

129 1422 395 1529 ambulant--¹
414 1419 462 1493 de
479 1420 917 1522 quibuslsaepenumcro
938 1421 1044 1498 vobis
1063 1421 1171 1500 locu-

128 1563 191 1620 tus
213 1573 317 1634 ειιιιι,Δ
339 1571 454 1621 nune·
470 1539 821 1646 etiam·lacrymans
840 1534 997 1644 loquorr,
1023 1543 1071 1617 de
1093 1545 1169 1618 ini·
1198 1620 1200 1624 ,

87 1710 91 1718 ‚
128 1672 238 1770 micis
255 1671 332 1744 illis
355 1669 479 1754 crucis
496 1669 657 1762 Messias
671 1713 722 1731 --
741 1695 910 1770 quorum
925 1666 1011 1740 finis
1026 1667 1168 1777 interi·
1230 1705 1234 1724 ι

14 1795 16 1808 ’
128 1813 200 1882 tus,-
221 1823 388 1898 quorum
402 1796 509 1870 Deus
526 1771 732 1902 venterest
753 1793 818 1890 [ob
836 1809 1076 1866 momentum
1094 1793 1168 1892 oir-

127 1919 352 1994 cumcisioui
368 1919 625 2018 attributum}
650 1935 820 2019 ‘quorum
835 1918 955 2018 gloria
975 1916 1017 1990 in
1035 1943 1170 1994 eorum

127 2043 313 2118 dedecore
349 2043 490 2145 [quum
521 2043 568 2118 de
599 2039 893 2118 circumcisione
929 2041 1169 2143 glorientur}

128 2169 197 2272 qui
221 2185 379 2267 terrena·
408 2185 556 2242 curant.
578 2159 656 2272 ⁴'Ea
680 2194 758 2267 quo
791 2167 875 2242 loco
906 2191 986 2238 non
1009 2165 1170 2265 obscure

124 2279 285 2398 apparet
300 2294 433 2368 odium
449 2293 574 2377 illud,¹
593 2292 700 2394 quod
716 2292 758 2366 in
774 2291 932 2394 epistola
949 2288 998 2362 ad
1015 2289 1171 2364 Galatas
1279 2361 1281 2364 ,
1317 2352 1321 2362 .
1352 2293 1358 2304 ’

126 2419 227 2506 data,
241 2437 369 2500 ortum
390 2433 429 2492 et
457 2418 498 2492 in
520 2419 677 2523 epistola
698 2415 748 2490 ad
772 2414 987 2502 Corinthios
1009 2431 1169 2488 auctum

125 2542 305 2635 vidimus,
333 2523 408 2618 hoc
432 2559 614 2648 tempore
629 2542 679 2617 ad
706 2564 896 2619 summam
919 2539 1167 2659 acerbitatem

126 2665 340 2744 adductum
362 2693 449 2740 esse.
1174 2680 1178 2687 '

199 2764 313 2876 §.65
346 2796 377 2864 1.
405 2793 513 2871 Haec
541 2793 682 2896 scripta
708 2809 800 2907 sunt
828 2819 932 2866 anno
957 2791 1037 2866 fere
1052 2800 1158 2894 sep
1225 2777 1332 2912 M

126 2899 211 2996 Cbr.
223 2942 259 2986 n.
282 2914 379 2989 Inde
392 2917 442 2990 ab
456 2916 531 2990 hoe
545 2943 648 2991 anno
667 2943 790 3017 usque
805 2915 855 2996 ad
871 2917 981 2992 Pauli
997 2931 1158 2992 mortem
1313 2923 1316 2926 ’
1391 2923 1399 2934 “

124 3065 226 3146 quae
245 3067 348 3120 anno
368 3049 414 3118 67
431 3041 602 3143 ve168p.
620 3042 705 3118 Cbr
720 3069 757 3115 n
777 3043 920 3142 evenit,
941 3042 1053 3146 nulla
1079 3039 1165 3140 qui-

124 3161 211 3248 dem
226 3151 361 3270 rerum
376 3192 397 3238 a
415 3164 535 3238 Paulo
556 3182 747 3266 gestarum
766 3123 925 3254 historia
944 3167 1076 3238 relicta
1100 3179 1163 3266 est,
1257 3193 1267 3202 ·

124 3289 251 3388 neque
266 3313 366 3388 quae
383 3285 465 3389 ejus
481 3288 621 3391 scripta
636 3316 682 3364 ex
697 3289 771 3364 boc
790 3290 1163 3393 tempore-originem

124 3409 270 3520 ducant
291 3429 395 3486 certo
411 3411 566 3505 scimus,
590 3433 716 3486 tamen
733 3413 833 3488 hanc
846 3413 1031 3514 historiae
1054 3411 1161 3494 lacu-

121 3564 212 3614 nam
224 3561 245 3610 e
259 3537 409 3640 scriptis
421 3535 815 3652 judaico-christianis
828 3538 1011 3612 resarcire
1021 3561 1157 3675 [sossu-

23 3647 26 3653 ⁵
122 3687 221 3748 mus,
247 3688 292 3736 ex
311 3660 454 3772 quibus
472 3662 649 3764 colligere
667 3645 775 3749 licet,
797 3663 968 3768 partium
986 3660 1161 3737 animum

12 3875 13 3878 Ἴ
124 3782 196 3858 boc
211 3803 384 3889 tempore
399 3813 480 3862 non
498 3786 687 3862 resedisse.
714 3779 800 3863 Non
815 3788 940 3862 solum
955 3785 1060 3860 enim
1078 3783 1159 3886 epi

67 4011 71 4020 Ι
123 3908 215 3982 stola
228 3910 373 3999 Jacobi‚
394 3928 441 4000 et,
459 3897 560 4016 quae
578 3912 658 3987 una
674 3939 822 3988 cumea
836 3913 947 3988 missa
961 3904 1039 3986 esse
1053 3907 1176 4018 vide--
1206 3888 1210 3900 ¹

114 4031 196 4140 tur,
216 4034 375 4137 epistola
392 4036 527 4155 Judae,
538 4035 682 4148 illaad
699 4038 724 4108 J
726 4036 881 4113 udaicos
897 4037 939 4149 in
955 4031 1162 4140 gentilibus
1260 4059 1266 4064 ·
