2872 4690
718 261 788 325 {56

247 436 358 526 tidie,
382 435 570 540 quamdiu
592 434 755 520 “bodies
776 434 919 512 dicitur
937 436 1106 533 [quamdiu
1130 435 1280 504 adhorta-

247 566 381 650 tionem,
408 589 470 660 qua
492 565 540 632 ad
561 566 646 650 regni
662 567 812 634 Messiani
827 565 1009 632 societatem
1024 559 1192 644 vocamini,
1219 585 1277 628 au-

248 689 339 781 ditis]
362 684 412 761 ad
433 684 753 789 perseverandum
782 682 823 757 in
844 681 928 768 fide
952 698 1095 758 vosmet
1119 679 1191 782 ipsi
1211 679 1278 756 ad-

247 807 464 884 hortamini.

149 941 233 1022 opt,
293 933 391 1008 Nam
412 932 650 1009 solummodo
671 932 702 1007 si
724 930 888 1034 primam
908 931 1254 1034 exspectationem¹

294 1056 343 1148 [in
367 1057 524 1124 credendo
548 1073 581 1125 et
604 1057 814 1148 exspectando
834 1079 928 1142 regno
953 1055 1127 1146 lllessiano]
1153 1077 1276 1154 usque

292 1170 343 1246 ad
365 1169 482 1246 finem
507 1175 616 1268 [hujus
639 1178 710 1244 aevi
737 1172 764 1271 l.
786 1177 842 1257 15,
866 1172 912 1264 ι,]
936 1169 1154 1258 tenueritis,
1179 1173 1304 1272 socii„

292 1298 460 1370 Messias
479 1293 571 1369 facti
590 1295 676 1369 estis
704 1299 752 1390 [iu
776 1299 1013 1368 societatem
1033 1301 1148 1387 regni
1172 1301 1275 1368 Mes·

292 1419 411 1504 siani,
436 1420 680 1501 nundinari,
706 1417 868 1508 venietis}

186 1555 231 1610 15.
244 1534 443 1632 Quamdiu
456 1538 573 1640 igitur
587 1537 729 1614 dicitur
743 1536 916 1624 «hodiem
941 1537 1128 1639 quamdiu
1143 1563 1274 1616 vocem

240 1659 315 1734 Dei
332 1660 472 1736 auditis
492 1665 564 1757 [vos
581 1668 622 1734 ad
643 1690 772 1752 regnum
785 1667 979 1734 Messiauum
1004 1667 1198 1758 invitantisJ,
1221 1690 1272 1736 ne

240 1783 427 1860 obdurate
443 1785 589 1860 animos
603 1786 757 1874 vestros,'
784 1801 829 1861 ut
844 1786 886 1860 in
901 1785 967 1860 illa
983 1787 1273 1864 exacerbatione

241 1911 448 2004 [Judaeorum
465 1931 572 1982 contra
584 1916 689 1981 Deum
701 1917 735 1982 iu
754 1917 896 1998 deserto,
916 1935 935 1994 4
957 1916 1037 1984 Mos.
1056 1913 1149 2006 ld.];

132 2053 230 2110 soro.
292 2049 376 2108 tum
390 2034 569 2136 temporis
584 2033 832 2108 enimomnes
849 2033 1058 2122 Israelitae,
1074 2051 1273 2137 ,quotquot

287 2155 435 2259 Moyses
451 2183 497 2230 ex
504 2160 672 2260 Aegypto
683 2157 876 2243 eduxerat,
902 2157 950 2230 ob
966 2159 1273 2230 incredulitatem

290 2295 328 2352 et
344 2280 601 2373 diffidentiam
616 2281 909 2383 promissionum
922 2280 997 2354 Dei
1015 2284 1070 2375 [de
1081 2308 1174 2370 regno
1184 2286 1272 2352 Mes'-

289 2411 395 2493 siano,
420 2412 461 2494 4,
488 2408 557 2502 2.]‚
585 2430 679 2506 quas
705 2403 924 2490 audierant,
958 2431 980 2477 a
1003 2403 1132 2504 quiete
1163 2407 1271 2499 [regno

288 2531 464 2626 Messiauo]
486 2527 629 2602 exclusi
650 2544 750 2602 sunt

163 2661 228 2741 ts.
240 2651 376 2726 Cavete
395 2652 528 2754 igitur,
552 2677 602 2726 ne
618 2652 751 2725 relicta
772 2649 838 2724 illa
857 2649 1107 2753 promissione
1133 2652 1273 2755 quietis

240 2773 342 2873 [regni
356 2777 522 2870 Messiani]
543 2773 738 2850 ineundae
761 2774 901 2876 aliquis
926 2773 1084 2850 excidat

200 2899 336 2976 2.Nam
363 2900 484 2970 etiam
512 2900 619 2970 nobis
648 2899 715 2973 illa
747 2898 849 2998 [regni
875 2903 1040 3008 Massieni]
1074 2901 1273 3004 promissio

237 3022 410 3126 contigit,
433 3022 534 3098 sicut
555 3023 640 3097 illis.

162 3169 223 3240 2,s.
282 3146 363 3221 Illis
383 3147 487 3222 enim
509 3146 705 3250 promissio
728 3146 903 3220 inefficax
923 3146 1008 3234 fuir
1037 3146 1128 3249 quia
1155 3145 1269 3222 fidem

287 3271 323 3346 ei
349 3298 430 3346 non
444 3269 709 3374 adjunxerunt
726 3271 834 3370 (nam
843 3291 930 3345 'non
948 3271 1090 3345 inimus
1106 3271 1148 3345 in
1161 3271 1269 3372 quie-
1298 3361 1305 3372 ¹

237 3478 268 3536 in
294 3473 356 3536 duo
382 3495 472 3556 regna
498 3473 627 3535 Jebovae
653 3486 682 3535 et
700 3473 818 3534 Diaboli
840 3471 951 3534 divisus
979 3483 1074 3550 esset,
1104 3476 1269 3533 necessario

239 3605 325 3659 eum,
347 3584 397 3663 qui
416 3580 576 3644 aJebovae
587 3580 668 3642 cultu
684 3577 850 3658 defecisset,
872 3578 911 3641 ad
924 3577 1121 3641 idololatriam
1141 3597 1173 3640 se
1193 3601 1268 3641 cou-

239 3690 348 3768 tulisse‚
368 3689 415 3752 vel
429 3688 587 3750 alehovae
599 3685 639 3748 ad
653 3686 772 3748 Diaboli
787 3699 884 3769 partes
901 3689 1050 3748 mansiisse
1061 3685 1269 3748 existimabant

298 3818 331 3853 ¹³⁸
351 3793 463 3882 Usitata
472 3819 546 3881 haec
556 3817 639 3880 verbi
656 3808 850 3884 onomata-eor
867 3821 910 3878 vis
923 3830 951 3879 et
960 3817 1009 3878 hic
1020 3830 1050 3878 et
1059 3839 1083 3896 9·
1097 3817 1145 3894 ll,
1159 3829 1184 3879 1.
1200 3839 1268 3880 seu·

236 3931 355 3991 tentiam
371 3947 493 4009 prorsus
511 3927 629 4008 planam
649 3947 685 3986 ac
701 3923 862 3987 dilucidam
876 3923 992 4004 reddit,
1011 3947 1071 3987 non
1089 3927 1177 4006 igitur
1193 3945 1268 4007 opus

237 4047 281 4097 est
299 4036 409 4124 coactis
421 4047 449 4097 et
462 4038 604 4098 contortis
622 4031 705 4096 verbi
720 4031 1003 4120 interpretationibus
1018 4032 1066 4110 (cl.
1075 4043 1173 4094 annot.
1185 4034 1270 4104 mi
