2872 4690
661 246 731 312 tta
828 293 831 300 ,

327 448 428 496 nunc
452 447 541 497 vero
573 420 622 519 [in
645 427 707 494 hoc
731 451 829 511 aevo,
856 427 895 496 ἐν
923 426 976 519 τῷ
1004 427 1068 496 νῦν
1093 424 1207 512 αἰῶνι,
1221 433 1250 514 1
1265 447 1291 498 t.

326 548 427 645 §.12
450 545 497 644 1.]
526 545 561 618 ei
585 551 750 619 nondum
780 549 919 630 omnia,
933 545 1107 646 subjecta
1128 571 1206 645 esse

326 670 499 744 videmus
514 668 606 768 [quia
623 674 777 742 Diabolus
793 675 825 741 in
839 675 925 742 hunc
937 677 1092 744 mundum
1104 677 1205 744 <lomi-

323 815 433 881 natur,
451 801 490 866 cf.
507 793 533 894 l.
546 799 603 883 11,
617 805 654 881 3;
669 814 788 866 annott.
800 805 832 881 3,
845 803 875 881 5,
890 824 907 883 7
921 815 953 866 et
965 794 1019 890 9];
1206 795 1209 798 ’

321 921 447 1017 [igitur,
472 924 559 1016 quod
579 923 626 989 uti
641 925 831 1022 contrarium
847 925 1034 1010 cogitatione
1051 911 1203 1015 suppleu-

244 1065 253 1076 ’
323 1049 400 1118 dum
432 1035 568 1132 est,'in
598 1047 914 1130 mundaliuturo
945 1047 1051 1119 omnia
1075 1048 1106 1115 ei
1130 1043 1204 1116 aub-
1282 1035 1313 1074 ⁶·

324 1177 407 1264 jecta
432 1186 544 1254 erunt,
571 1172 605 1238 id
623 1167 717 1265 quod‘
730 1157 1091 1270 demonstrandnmffll]

167 1535 200 1620 [J
202 1556 252 1600 am
265 1530 385 1626 reliqua
399 1509 500 1623 ipsius
517 1531 672 1612 vaticinii,
690 1533 780 1620 cujus
795 1530 987 1598 mentionem
1000 1529 1076 1596 lecit
1091 1521 1201 1622 (Pae,

171 1662 188 1722 5
202 1673 235 1724 et
248 1634 299 1750 6),
311 1655 407 1723 verba
426 1655 570 1746 scriptori
588 1677 696 1720 ansam
712 1652 866 1746 praebent
884 1653 1050 1720 transitum
1063 1653 1204 1721 faciendi.

167 1783 207 1846 ad
222 1781 421 1870 tractandum
435 1777 522 1844 aliud
537 1792 773 1864 argumentum,
795 1776 893 1844 hocce
908 1777 1003 1842 modo
1013 1769 1039 1872 a]

167 1897 285 1995 Quod
297 1921 387 1972 vero
400 1896 509 1972 Jcsus
529 1894 601 1993 [qui
615 1901 712 1986 igitur
726 1900 870 1992 scriptori
887 1923 969 1966 unus
986 1899 1134 1994 idemque
1151 1915 1200 1967 est
1213 1922 1239 1974 a.
1304 1903 1307 1908 '
1418 1897 1421 1904 '

167 2049 203 2092 ac
219 2023 362 2108 Missias,
385 2025 430 2091 ita
446 2038 484 2090 ut
501 2024 628 2091 nomine
643 2024 722 2090 Jesu
737 2023 907 2114 proverbe
924 2023 1060 2091 Moesiae
1081 2037 1199 2106 utatur,

166 2150 322 2234 cf.ll,'r4·;
339 2151 373 2231 6,
389 2171 450 2230 2⁰3
472 2150 503 2230 7,
522 2167 585 2228 223
610 2146 666 2228 ta,
684 2141 953 2242 n,24;i5,12.]
971 2141 1086 2216 breve
1105 2157 1199 2217 tem·

164 2295 237 2373 pus
263 2267 405 2369 angelis
437 2262 665 2371 postpositus
695 2262 788 2363 [dum
815 2271 859 2366 in
875 2246 959 2338 ¹tarra
976 2269 1101 2340 viveret
1113 2293 1198 2337 mor-

166 2414 292 2490 temque
304 2391 439 2489 subiret]
454 2391 505 2464 ob
519 2389 649 2464 mortis
657 2390 939 2496 perpessionem
948 2414 1056 2468 nunc
1068 2389 1198 2466 divino

163 2517 309 2591 honore
328 2506 474 2591 fruitur
492 2508 614 2613 [utqui
630 2522 792 2588 emortuis
809 2522 1013 2588 resuscitatus
1029 2535 1062 2588 et
1075 2521 1109 2588 iu
1124 2541 1198 2588 coe·
1273 2564 1292 2610 3

128 2649 131 2655 '
164 2645 231 2740 lum
250 2660 383 2740 ¹evectus
400 2645 451 2740 ,ad
476 2645 538 2710 Dei
564 2645 727 2711 dexteram
750 2642 876 2734 sedetJ,
902 2639 1048 2716 factum
1074 2655 1130 2713 est
1151 2663 1196 2714 co
1252 2633 1256 2656 ⁸

164 2753 333 2851 consilia,
348 2777 395 2837 ut
411 2767 529 2858 [motus
541 2770 704 2859 proposito
715 2768 777 2838 hoc
787 2769 915 2837 honoris
930 2785 963 2838 et
977 2767 1092 2857 gloriae
1103 2789 1199 2859 praee,

106 2962 108 2970 ,
163 2889 416 2981 mio,ci.12,2]
440 2886 655 2962 secundum
675 2889 834 2990 gratiam
849 2888 925 2963 Dei
936 2911 1012 2988 pro
1033 2912 1196 2984 unoquo·

162 3021 1192 3054 -—————-————--h-——
1219 3050 1223 3056 ,

221 3117 254 3152 ¹²⁴
273 3120 337 3181 Hac
359 3121 472 3180 ratione
496 3140 615 3180 mancas
640 3121 853 3196 enuntiatipnee
875 3113 1085 3199 complendae,
1110 3114 1195 3182 ordi·

162 3246 287 3308 nemque
318 3230 525 3288 sententiamm
554 3223 772 3308 disponendum
801 3246 881 3302 esse,
912 3226 1006 3290 cuivis
1028 3226 1194 3290 accuratius

162 3337 322 3394 insensum
337 3334 591 3412 argumentationis
609 3333 764 3412 inquirenti
778 3328 894 3426 patebit.
933 3329 1067 3412 Namque
1082 3334 1122 3394 ita
1136 3328 1192 3394 de·
1277 3311 1284 3327 i

160 3462 243 3502 mum
262 3440 469 3500 sententiarum
483 3439 557 3502 inter
571 3458 603 3499 se
619 3431 787 3518 conjunctio
807 3439 963 3520 perspicua
978 3436 1017 3516 lit
1105 3447 1107 3451 “

174 3657 179 3674 ,
198 3619 199 3626 “
220 3601 254 3636 ¹²⁸
273 3604 354 3663 Haec
375 3623 445 3664 vera
463 3601 551 3682 hujus
568 3599 628 3679 loci
651 3602 849 3682 interpretatio
868 3619 933 3662 esse
946 3595 1068 3688 videtur.
1110 3600 1191 3662 Reli-
1247 3667 1251 3672 p

159 3733 235 3793 qrrae
244 3711 503 3790 interpretationes,
519 3703 707 3791 quae‘adlruc
716 3707 847 3788 prolatae
858 3718 935 3784 sunt,
950 3716 1100 3767 contortae
1111 3719 1188 3786 aunt,

159 3839 195 3878 ac
215 3817 340 3899 simplici
360 3817 520 3880 verborum
537 3819 635 3880 sensui
654 3818 714 3877 vim
733 3815 860 3892 faciunt,
879 3832 973 3896 quum
988 3811 1078 3892 haec,
1097 3831 1188 3897 eptam

157 3943 213 3985 noa
227 3921 373 4001 dedimus,
387 3923 512 3986 verbum
527 3919 566 3984 de
582 3920 674 3986 verbo
692 3917 816 3998 reddat,
834 3939 870 3982 ac
888 3936 1007 4008 sensum
1018 3918 1139 4004 planum
1157 3933 1187 3984 et

158 4033 345 4113 perspicuum
358 4027 470 4095 efficiat
500 4033 560 4110 Qui
573 4049 674 4092 sensus
690 4031 716 4090 ai
728 4031 777 4091 cui
786 4030 870 4090 nimia
884 4025 1042 4090 humanam
1058 4025 1097 4092 de
1105 4028 1187 4091 Mea-
