2872 4690
742 236 812 304 158

364 414 522 512 (ἱησοῦς)
552 415 594 488 in
613 439 742 488 veram
766 414 873 488 iilam
894 417 1063 517 quietem
1093 425 1190 519 [quae
1211 427 1297 495 aliud

366 548 517 640 quiddam
537 561 585 612 est
608 569 644 612 ac
670 549 778 639 quieta
802 543 995 613 Palaestinae
1014 549 1188 640 possessio]
1216 575 1295 622 non

184 679 251 759 ao.
362 662 533 758 venisse.)
1084 755 1088 762 ι

266 787 524 884 Quuminstet
538 787 654 890 igitur
662 789 806 890 populo
820 791 894 864 Dei
910 796 1013 886 peries
1028 790 1180 862 ‹rabbati
1192 765 1289 884 [tem-

266 941 326 1008 pus
347 916 463 1009 quietis
484 916 516 981 in
536 937 630 1000 regno
651 918 809 982 Messiano
834 935 989 1008 perpetuo
1015 919 1145 986 sabbato
1166 919 1293 1012 simile],

208 1053 254 1103 ιο.
313 1034 423 1124 (nam
437 1030 507 1132 qui
522 1029 564 1102 in
572 1028 646 1102 Dei
662 1029 832 1130 quietem
848 1032 932 1118 init,
958 1032 1006 1106 ab
1024 1033 1203 1134 operibus
1217 1033 1295 1108 suis

311 1152 566 1256 conquiescit,
591 1168 637 1226 ut
652 1153 759 1228 Deus
774 1182 795 1227 a
811 1155 889 1228 suis
905 1154 1157 1256 conquievit,)
1356 1140 1362 1148 ¹

204 1301 249 1350 11.
263 1283 345 1352 ideo
368 1283 588 1350 studeamus
614 1277 717 1346 iliius
751 1277 899 1374 quietis.
917 1279 964 1376 [in
991 1305 1084 1370 regno
1110 1281 1282 1376 Messiano]

253 1395 586 1500 participesfieri‚
655 1483 659 1500 Ι
738 1453 742 1462 .

258 1553 308 1602 ne
332 1524 419 1628 quis
443 1521 577 1598 eadem
606 1523 893 1594 incredulitatis
921 1549 1045 1630 poena
1067 1541 1216 1628 pereat,

150 1673 244 1744 repa.
307 1677 399 1724 nam
414 1648 489 1722 Dei
510 1645 639 1721 minae
660 1641 936 1720 efficacissimae
950 1661 1055 1732 sunt,
1082 1673 1289 1750 omnesque

267 1823 269 1828 -
304 1769 471 1848 hominis
489 1767 733 1872 cogitationes
750 1766 786 1842 ei
802 1766 1138 1846 manifestassent

666 1926 714 2008 o.
756 1907 872 2021 §.sn

199 2088 243 2143 14.
304 2033 440 2166 Itaque
460 2061 646 2136 habentes
662 2061 883 2156 pontificem
903 2087 1086 2155 magnum
1104 2063 1145 2136 in
1162 2066 1284 2152 coelis,

252 2187 399 2264 scilicet
418 2185 594 2261 Messinm
609 2183 633 2256 J
635 2209 742 2257 esum
764 2182 888 2259 filiurn
902 2185 987 2272 Dei,
1002 2201 1285 2281 perseveremus

255 2313 295 2382 in
320 2307 560 2407 professione
599 2307 686 2400 [qua
712 2331 769 2374 nos
803 2333 821 2374 a
848 2308 989 2374 Jehovae
1012 2307 1156 2398 partibus
1190 2323 1282 2392 stare,

253 2456 388 2527 eumque
403 2433 509 2497 Deum
524 2449 691 2514 agnoscere
711 2450 747 2492 ac
763 2425 864 2492 colere
880 2425 1072 2516 profitemur.
1111 2425 1282 2513 Religionis

250 2551 445 2648 professione
460 2549 545 2614 idem
562 2545 747 2634 significari,
773 2547 858 2637 quod
875 2543 938 2610 illis
953 2544 1074 2620 verbis:
1098 2569 1139 2612 ne
1155 2548 1194 2614 de
1211 2549 1281 2614 Deo

251 2675 327 2742 vivo
341 2670 485 2749 deficite,
510 2665 594 2732 ultro
607 2681 705 2756 patet.
729 2705 780 2720 -
804 2665 872 2730 Hac
885 2664 1053 2747 sententia,
1080 2689 1142 2758 qua
1157 2685 1280 2732 utrum-

250 2815 311 2886 que
333 2785 487 2880 epistolae
515 2799 733 2870 argumentum
758 2799 791 2851 et
811 2785 851 2850 de
865 2786 1096 2875 perseverando
1117 2787 1230 2884 infide
1248 2803 1280 2854 et

249 2913 289 2977 de
309 2907 499 3000 pontificatu
519 2904 655 2972 Messias
677 2901 771 2970 simul
791 2903 974 2989 attingitur,
1007 2904 1043 2971 fit
1065 2906 1215 2974 transitus
1238 2907 1279 2972 ad

248 3027 431 3118 ampliorem
460 3023 593 3090 secundi
625 3021 778 3117 epistolae
809 3023 983 3109 argumenti
1018 3024 1060 3090 de
1089 3027 1277 3116 pontificatu

248 3146 384 3214 Messias
409 3139 677 3234 expositionem}

190 3285 235 3342 15.
247 3261 382 3338 Primo
406 3257 512 3332 enim
529 3258 697 3329 Messias
722 3255 816 3325 tuiis
832 3257 1013 3352 pontifex
1032 3269 1106 3347 est,
1132 3257 1197 3351 qui
1217 3257 1276 3327 in·
1295 3245 1300 3252 ’

235 3382 494 3480 firmitatibus
516 3379 661 3449 nostris
687 3392 979 3469 commoveatur,

293 3533 417 3610 quum
436 3501 614 3578 omnibus
631 3501 804 3604 partibus
824 3527 947 3604 aeque
965 3529 1010 3576 ac
1028 3527 1096 3576 nos
1110 3517 1274 3576 tentatus
1308 3547 1309 3552 =

292 3631 357 3718 sit,
383 3628 494 3704 nullo
509 3642 638 3702 tamen
656 3641 814 3728 peccato
830 3625 1026 3728 obligatus,

184 3785 229 3838 16.
341 3756 477 3855 (quam
491 3750 541 3824 ob
561 3775 644 3824 rem
661 3774 706 3822 eo
719 3746 863 3852 majore
878 3747 1019 3824 fiducia
1034 3775 1124 3824 eum
1140 3747 1191 3823 ad
1205 3732 1272 3822 oir-

339 3873 539 3951 tinendam
550 3872 716 3976 gretiam·
728 3872 836 3948 adire
852 3873 1067 3976 possumus)

131 4016 228 4097 ΒΜ,
289 4002 348 4070 uti
370 4001 492 4070 etiam
503 4000 692 4070 humanus
707 4001 858 4096 quisque
873 4001 1053 4096 pontifex
1067 3995 1269 4073 hominum
