2872 4690
721 193 794 260 {dd

299 345 418 460 857.
452 371 541 446 Jam
565 371 739 474 primum
757 371 857 474 quid
879 389 936 448 est
956 371 1198 454 Christianus
1218 375 1289 482 ju-

229 495 364 572 daicus
393 493 444 570 ad
476 494 731 572 deserendam
766 497 993 600 religionem
1028 499 1288 580 christianam

228 623 467 728 propensus?
510 617 599 715 Qua
623 619 774 696 ratione
793 619 1036 698 Christianus
1058 621 1241 728 judaicus
1261 655 1288 704 a

230 747 440 822 christiana
459 744 645 850 religione
665 743 831 820 deficere
850 749 1031 849 poterat?
1112 795 1124 804 -

305 874 337 945 1.
364 870 481 947 Nulla
515 871 592 947 alia
624 871 829 948 manifesto
859 871 1011 948 ratione
1041 873 1290 956 Christianus

228 994 408 1099 judaicus
430 1021 453 1070 a
481 993 692 1070 christiana
718 995 905 1102 religione
930 993 1096 1075 deficere
1120 1018 1289 1105 poterat,

229 1123 305 1198 nisi
322 1119 578 1226 reprobandis
593 1137 632 1195 et
648 1117 870 1223 rejiciendis
888 1119 933 1196 iis
948 1125 1160 1216 sententiis,
1180 1154 1289 1231 quae

229 1247 538 1323 Christianorum
563 1251 658 1350 prae
687 1247 847 1322 Judaeis
872 1248 1054 1353 propriae
1081 1270 1212 1342 erant,
1244 1271 1289 1329 et

229 1375 373 1478 quibus
394 1401 416 1449 a
438 1371 598 1448 Judaeis
620 1373 948 1468 secernebantur;
978 1391 1018 1450 et
1040 1393 1175 1454 contra
1195 1406 1287 1456 rur-

228 1525 293 1576 sus
312 1497 592 1602 amplectendis
617 1499 679 1588 iis,
708 1525 805 1604 quas
825 1499 967 1575 Judaei
985 1527 1080 1606 prae
1100 1503 1283 1580 Christia-

230 1625 291 1701 nis
311 1624 540 1730 probabant
584 1621 679 1725 Ejus
703 1623 853 1727 generis
875 1625 1085 1700 sententias
1103 1615 1186 1702 non
1207 1630 1286 1704 nisi

229 1750 315 1826 illas
339 1748 387 1824 de
412 1747 551 1823 Messia
577 1746 774 1824 doctrinas
802 1745 937 1836 fuisse,
970 1772 1088 1852 supra
1114 1749 1284 1828 vidimus

230 1875 346 1976 (tto,
364 1880 411 1944 nt
436 1889 476 1948 et
494 1873 592 1971 m:
626 1872 806 1946 Messinm
827 1871 975 1947 scilicet
993 1873 1053 1948 bis
1075 1874 1118 1950 in
1139 1893 1285 1952 terram

229 2003 381 2089 venire,
400 1999 519 2076 semel
535 1997 586 2074 ad
601 1997 876 2074 redimendum
890 1997 967 2073 Dei
983 1999 1193 2104 populum,
1212 2001 1283 2076 ite-

228 2155 320 2202 rum
328 2124 379 2202 ad
391 2121 710 2198 constituendum
721 2147 886 2225 regnum
895 2119 1153 2220 Messianum3
1165 2152 1284 2230 porro

229 2253 253 2324 J
255 2279 364 2328 esum
375 2249 499 2338 illum,
516 2247 644 2352 quiin
659 2249 834 2326 Galilaea
849 2249 958 2352 regni
972 2249 1155 2326 Messiani
1170 2277 1284 2355 prae-

230 2376 445 2452 nuntiuset
456 2373 751 2476 thaumaturgus
761 2373 966 2462 exstiterat,
978 2375 1283 2452 Messiamfuisse

229 2502 404 2606 primum
422 2500 628 2578 interram
645 2499 887 2593 venientem3
911 2516 950 2574 et
970 2500 1041 2602 qui
1057 2501 1213 2576 Messias
1231 2501 1284 2576 ad

227 2625 484 2731 *condendum
502 2651 668 2728 regnum
688 2624 927 2699 Messianum
950 2625 994 2700 in
1015 2641 1158 2702 terram
1180 2625 1284 2703 redi-

232 2765 343 2826 turus
365 2764 480 2836 esset,
506 2746 677 2824 eundem
697 2747 783 2823 fore
802 2749 937 2824 Jesum
963 2748 1007 2850 (t
1018 2755 1078 2838 21,
1094 2749 1145 2850 4.)
1153 2783 1164 2846 3
1186 2775 1286 2854 quas

232 2872 426 2949 doctrinas
442 2873 585 2949 Judaei
601 2875 847 2978 respuebant.
881 2875 1040 2950 Etenim
1055 2875 1284 2964 doctrinam,

189 3103 192 3109 Ι
231 3027 311 3103 qua
332 2999 479 3104 duplex
499 3001 659 3076 Messias
684 3025 830 3076 munus
862 3001 906 3100 (l.
923 3007 980 3088 to,
1002 3002 1052 3100 5.)
1078 3001 1131 3076 ita
1156 3001 1285 3077 distri·

230 3125 439 3213 buebatur,
464 3143 510 3200 ut
531 3126 681 3229 duplici
700 3127 743 3201 in
758 3143 901 3201 terram
917 3124 1090 3202 adventu
1110 3125 1284 3201 absolve-

104 3294 109 3298 ·
232 3267 364 3340 retur,
382 3251 504 3326 solam
520 3249 637 3325 fuisse
652 3248 840 3337 vidimus,
862 3275 942 3352 qua
958 3277 980 3325 a
995 3247 1152 3352 judaica
1169 3250 1285 3325 disci-

231 3377 342 3480 plina
357 3376 565 3450 Christiani
583 3375 731 3476 judaici
747 3375 975 3450 recederent
992 3375 1036 3475 (p.
1046 3376 1135 3474 tu),
1158 3403 1285 3477 quum

187 3579 188 3582 ,
231 3504 255 3576 J
257 3503 374 3579 udaei
392 3519 525 3576 eontra
544 3501 690 3606 duplex
708 3503 810 3577 illud
824 3525 970 3580 munus
986 3499 1139 3577 duobus
1158 3499 1285 3575 diver-

232 3605 445 3702 sis'Messiis
464 3627 684 3703 tribuerent
705 3629 749 3729 (l
762 3636 822 3717 20,
839 3633 900 3725 n).

307 3755 341 3826 2.
369 3751 608 3832 Christianus
636 3752 755 3854 igitur
782 3751 963 3856 judaicus
994 3779 1016 3827 a
1047 3751 1284 3826 Christiano-

233 3904 324 3952 rum
351 3877 528 3984 partibus
557 3873 779 3951 defecturus
803 3892 842 3950 et
865 3873 1107 3966 Judaeorum
1127 3889 1285 3950 senten·

235 4000 329 4076 tiam
350 3999 609 4106 amplexuros
622 3998 780 4102 cogitari
808 3999 909 4074 alius
935 4025 1017 4076 non
1037 4014 1189 4114 potest„
1208 3995 1284 4074 nisi
