2872 4690
718 239 788 302 156

233 409 648 514 sent(Matth.s,1s.).
684 413 767 486 Hoc
790 429 920 487 autem
944 438 1023 508 non
1048 413 1155 516 prius
1178 411 1274 500 fore,

235 560 355 640 quam
371 537 525 612 Messias
540 536 681 612 iterum
696 537 868 611 venisset.
910 537 1039 637 Usque
1057 535 1107 610 ad
1122 536 1163 608 id
1178 553 1276 609 tem-

234 687 308 764 pus
331 661 447 763 igitur
468 662 590 762 legem
610 662 796 735 continuo
812 663 940 735 valere
967 660 1163 758 (Mache,
1187 661 1275 760 17.)‚

236 783 401 887 ideoque
423 783 644 858 Christianis
666 785 716 859 ad
738 783 1025 888 adipiscendam
1045 785 1159 887 regni
1173 787 1276 860 Mes-

235 909 340 984 siani.
363 909 555 984 civitatem
581 924 735 1012 praeter
761 907 877 983 fidem
901 910 943 982 in
966 909 1101 986 Massia
1126 937 1277 1012 ponen-

237 1031 327 1116 dam
352 1031 467 1106 etiam
492 1031 614 1134 legem
633 1031 908 1108 observandam
928 1058 1005 1106 esse
1039 1033 1132 1131 (Jac.
1153 1042 1184 1121 l,
1209 1045 1276 1125 ²55

237 1163 272 1246 9,
286 1157 482 1256 14—26.).

317 1275 430 1390 §.aa
459 1307 539 1382 aas
570 1307 687 1409 igitur
708 1309 837 1410 priore
860 1309 927 1382 uu
949 1308 1060 1382 Pauli
1087 1306 1271 1392 doctrina,

237 1457 315 1534 qua
327 1431 446 1506 solam
462 1430 578 1506 fidem
590 1432 796 1533 gentilibus
812 1431 1030 1508 adfuturae
1044 1433 1143 1505 vitae
1157 1413 1279 1506 socie-¹

238 1571 356 1630 tatem
385 1555 687 1660 comparandam
717 1555 870 1630 dicebat
901 1556 1152 1655 necessariam
1186 1583 1274 1643 esse,

239 1679 495 1755 controversia
530 1681 632 1754 inter
662 1681 791 1756 ambas
820 1681 1124 1756 Christianorum
1150 1695 1277 1782 partes

238 1799 342 1878 mota
358 1819 450 1892 erat,
475 1820 604 1878 tamen
621 1830 708 1878 acre
723 1803 823 1879 illud
836 1803 1081 1906 judaicorum
1096 1793 1276 1878 Christia-

237 1955 380 2002 norum
407 1926 540 2003 odium
571 1929 614 2002 in
643 1929 808 2002 Paulum
834 1945 917 2002 tum
939 1929 1097 2035 demum
1127 1924 1274 2014 exarsit,

239 2080 363 2154 quum
380 2051 484 2128 hauc
507 2051 555 2127 de
574 2053 656 2156 lege
676 2053 844 2128 Mosaica
868 2055 1045 2158 abrogata
1067 2071 1183 2156 atque
1197 2055 1273 2128 sola

240 2175 316 2250 fide
349 2176 447 2282 (sine
472 2177 563 2280 legis
589 2179 867 2277 observatione)
899 2180 1014 2254 etiam
1042 2177 1199 2253 Judaeis
1226 2171 1275 2251 ad

237 2301 356 2375 vitam
371 2299 551 2376 futurum
565 2301 868 2406 adispiscendam
886 2306 1098 2378 sufficiente
1113 2304 1275 2407 protulit

239 2426 468 2502 sententiam
495 2426 591 2524 (Act.
605 2433 665 2526 21,
690 2454 746 2515 ao,
768 2431 822 2515 2'1,
842 2439 905 2523 283
932 2429 977 2504 cf.
994 2428 1129 2504 Matth.
1146 2436 1179 2516 ὅ,
1208 2459 1267 2520 ¹93

240 2559 300 2644 25,
324 2563 386 2647 153
402 2581 435 2627 v.
453 2551 555 2627 infra
569 2554 595 2653 d.
611 2559 669 2641 65,
683 2553 742 2652 a).

314 2677 351 2789 g.
363 2699 430 2775 51.
460 2705 492 2774 1.
520 2701 617 2775 Cum
630 2700 704 2774 hac
724 2702 814 2804 legis
835 2701 1083 2806 despicientia
1100 2708 1275 2782 cohaeret

242 2824 316 2898 alia
337 2824 448 2899 Pauli
465 2825 514 2900 de
532 2826 613 2928 lege
631 2825 815 2914 doctrina,
836 2855 913 2929 qua
931 2828 1052 2931 legem
1070 2833 1274 2907 Mosaieam

243 2947 292 3021 ab
311 2947 453 3050 angelis
481 2946 610 3023 datam
633 2975 710 3024 esse
735 2949 849 3052 dicit,
880 2977 1008 3052 neque
1029 2982 1118 3031 vero
1144 2987 1165 3031 a
1191 2960 1273 3032 Deo

244 3073 340 3176 ipso,
362 3089 408 3147 ut
425 3075 541 3148 ceteri
562 3075 729 3180 magistri
750 3075 895 3179 judaici
915 3077 1111 3154 docebant.

912 3185 925 3216 Ο

315 3227 348 3297 2.
374 3224 503 3298 Facile
524 3244 684 3330 apparet
706 3229 870 3332 Paulum
896 3232 1148 3307 controversia
1172 3224 1282 3308 circa

244 3349 366 3452 legem
381 3349 582 3452 flagrante,
605 3353 868 3456 quodcunque
886 3372 1124 3431 momentum
1142 3359 1193 3432 ad
1211 3386 1276 3450 ex:

245 3471 482 3581 tenuandam
494 3473 653 3550 nimiam
663 3475 965 3554 adversariorum
977 3479 1024 3554 de
1035 3480 1116 3582 lege
1128 3482 1273 3584 opinio·

245 3624 335 3672 nem
347 3597 500 3686 valeret,
513 3601 717 3702 arripuisse
728 3619 766 3674 et
775 3601 815 3675 in
824 3629 933 3710 suam
944 3631 1025 3678 rem
1039 3607 1272 3680 convertisse.

246 3719 348 3808 Hinc
368 3719 515 3796 factum
538 3738 607 3809 est,
636 3741 681 3798 ut
702 3722 915 3800 doctrinam
940 3727 1095 3802 Judaeis
1117 3731 1283 3806 minime

238 3843 463 3946 probatam,
485 3843 662 3946 videlicet
683 3847 802 3949 legem
818 3849 867 3922 ab
885 3850 1027 3952 angelis
1044 3851 1171 3928 datam
1187 3880 1272 3942 esse,
1328 3911 1331 3914 -

247 3965 359 4070 oujus
388 3969 519 4044 tenuia
543 3969 750 4047 admodum
774 3972 925 4076 vestigia
954 3975 995 4050 in
1023 3976 1130 4052 libris
1147 3957 1273 4054 rabbi-
1386 4052 1390 4061 .
