2872 4690
598 291 601 296 ·
624 269 691 331 m

138 450 288 531 Habuit
301 444 463 550 quidem
472 460 511 518 et
526 443 732 547 pristinum
741 459 901 546 paetum
911 447 1085 571 piacula
1090 445 1174 521 cul-
1185 464 1255 541 9,-ι
1257 475 1282 526 5

143 587 205 642 tus
221 573 344 643 (livini
361 569 535 670 [sacrificia
554 576 645 642 diem
653 574 853 666 expiationis,
876 567 951 670 etc]
968 585 1008 644 et
1022 539 1174 648 sadrum

38 683 54 692 ”
106 787 113 793 p
140 712 351 785 terrestre,
361 723 451 770 cum
480 695 729 770 tabernaculo
747 695 877 768 antico
904 709 942 769 et
965 696 1111 841 postico
1137 713 1176 772 et

77 845 86 860 ·
140 847 274 897 eorum
292 817 588 966 suppellectile,
604 819 671 894 sed

188 958 238 1026 a.
261 945 371 1048 [quod
375 954 416 1019 ad
427 974 613 1018 universum
625 950 740 1018 attinet
752 950 831 1018 sacri
840 949 995 1018 terrestris
1005 947 1126 1017 cultum
1141 969 1174 1021 et

189 1069 429 1170 sacerdotiumz]

190 1194 232 1268 in
250 1195 379 1292 priori
404 1188 562 1289 quidem
579 1170 824 1265 tabernaculo
846 1192 1059 1271 sacerdotes
1080 1210 1235 1292 quo-os

192 1319 286 1391 tidie
304 1317 592 1404 ministrabant,
651 1397 653 1401 v

190 1443 232 1516 in
255 1447 459 1514 seeundum
483 1455 613 1513 autem
639 1442 929 1514 tabernaculum
956 1437 1003 1538 [in
1027 1443 1170 1545 adytum]
1186 1468 1210 1520 7.

109 1547 114 1552 -
188 1568 289 1636 solus
296 1567 476 1664 pontifex
490 1564 605 1636 semet
622 1566 663 1634 in
677 1589 780 1634 ιιιιιιο
795 1563 932 1655 inibat,
948 1567 1173 1668 sanguinem

17 1813 20 1820 '
89 1813 92 1818 '
143 1807 223 1866 Haec
254 1803 393 1884 vocabuli
433 1797 638 1882 δικαιώματος
668 1801 838 1882 significatio
868 1783 1022 1868 manifesto
1054 1824 1175 1890 apparet

140 1915 233 1993 quu'm
251 1935 268 1972 e
283 1915 372 1973 totius
390 1912 478 1992 hujus
499 1913 676 1992 quaestionis
699 1908 776 1988 (inde
797 1931 814 1972 a
831 1932 855 1971 c.
869 1910 906 1990 9,
928 1923 993 1998 vil.
1018 1935 1113 1998 usque
1134 1915 1189 1976 ad-

144 2042 169 2080 e.
181 2021 230 2096 10,
241 2044 268 2080 v.
282 2031 319 2082 18
333 2019 408 2095 incl.)
431 2031 603 2101 argumento
616 2031 644 2080 et
659 2021 865 2080 sententiarum
879 2017 1092 2100 conjunctione,
1113 2035 1176 2083 tum

141 2107 260 2196 etiams
278 2139 417 2188 contextu
432 2126 594 2201 uerborum
613 2148 641 2203 v,
654 2136 701 2203 10,
721 2147 745 2184 e.
755 2123 785 2184 9.
826 2129 922 2186 Totus
940 2127 988 2188 ille
1003 2127 1087 2192 locus
1105 2153 1174 2192 ver-

140 2247 222 2295 satur
247 2238 276 2294 in
298 2229 499 2316 comparanda
519 2234 657 2314 perfecta¹
673 2243 702 2292 et
724 2231 859 2293 absoluta
879 2237 1057 2316 expiatione,
1085 2261 1175 2322 (piam

141 2343 263 2402 Messias
281 2361 377 2403 morte
386 2325 448 2402 sua
463 2339 643 2402 redemtoris
656 2337 759 2420 effecit,
780 2361 849 2401 eum
859 2344 1029 2424 imperfecta
1043 2353 1079 2408 'et
1088 2345 1178 2409 debili

140 2445 208 2528 illa,
229 2471 318 2538 qnam
339 2451 388 2512 lex
403 2451 540 2520 Mosaioa·
558 2447 717 2526 sacrificiis,
739 2445 787 2510 die
807 2451 988 2532 expiationis,
1015 2457 1176 2538 ceterisque
1221 2499 1223 2504 ι

141 2557 244 2619 ritibus
256 2558 455 2640 piacularibus.
470 2557 585 2619 efficere
599 2555 706 2625 studet
727 2554 813 2618 Ordo
828 2561 1036 2620 'sententiarum
1051 2565 1083 2622 in
1096 2562 1181 2626 huno'

130 2666 321 2750 'linem-alius
342 2688 405 2729 esse
427 2690 487 2729 non
501 2669 617 2748 pontit,
633 2668 689 2727 nisi
703 2665 770 2727 hic:
789 2665 899 2728 Habuit
915 2665 1036 2750 quidem
1050 2684 1175 2734 etvetus
1227 2749 1230 2754 Ι
1307 2647 1310 2655 ¹

123 2755 309 2867 'Mosaicum
324 2789 445 2857 pactum
458 2780 614 2872 piamenta,
634 2775 742 2858 quihus
763 2797 841 2856 eum,
862 2779 913 2857 qui
925 2775 1107 2858 peccaverat,
1123 2775 1176 2860 j'u-

144 2895 223 2942 stum
241 2895 271 2944 et
281 2887 427 2948 insontem
443 2880 571 2946 reddere
586 2896 713 2964 poterat:
737 2881 1076 2967 sacrificia'quotidiana,
1097 2885 1177 2952 diem

143 2993 332 3072 expiationiS,
363 2991 524 3056 ablotiones
549 3004 619 3070 eto,
649 2991 702 3053 sed
727 2991 813 3070 haee=
831 2995 978 3073 piamenta
1007 2998 1178 3078 imperiecta
1256 3079 1257 3083 ἵ

144 3098 262 3158 fuerunt
276 3111 305 3160 et
318 3098 432 3161 debilia.
474 3099 583 3182 ¹Contra
595 3119 705 3183 npvum
721 3111 841 3180 pactmn
853 3121 907 3180 per
914 3103 1052 3162 Messiam
1066 3106 1177 3164 factum

144 3204 305 3284 perfectam
329 3217 358 3266 et
383 3205 421 3264 ab
443 3209 524 3266 omni
545 3218 629 3286 parte
642 3205 811 3266 'absolutam
833 3209 1026 3288 expiationem
1048 3211 1177 3292 praebet,

38 3355 41 3362 .
144 3301 178 3370 In
201 3333 260 3393 qua
279 3317 487 3375 sententiarum
507 3315 582 3375 serie
604 3317 710 3374 usitata
730 3313 813 3375 verbi
836 3307 1046 3403 δικαιώματος
1067 3319 1177 3399 signifi-

144 3423 220 3482 catio
240 3421 353 3508 nullum
369 3423 488 3485 omnino
505 3422 606 3484 locum
624 3402 733 3484 habere
745 3435 858 3505 potest,
880 3421 934 3485 sed
952 3428 1026 3486 ratio
1040 3425 1178 3508 postulat,

112 3573 126 3598 ,.
144 3539 177 3586 ut
192 3527 236 3588 illi
253 3525 462 3612 δικαιωμοιτις
478 3534 555 3610 voci,
570 3534 600 3590 in
616 3534 697 3592 initio
710 3535 969 3613 argumentationis
979 3535 1100 3613 positae,
1115 3537 1179 3615 ipsa

143 3638 295 3715 potissima
304 3648 333 3696 et
343 3638 512 3719 principalis
524 3639 779 3723 argumentationis
794 3641 875 3700 notio
888 3641 961 3698 insit.
1003 3642 1118 3724 Quae
1098 3645 1179 3703 notio

131 3735 203 3802 'non
216 3743 272 3804 alia
290 3756 350 3823 est,
377 3746 433 3804 nisi
451 3743 500 3804 illa
518 3729 821 3826 expiationis--Hanc
838 3743 961 3828 eandem
978 3747 1118 3809 vocabuli
1136 3746 1178 3814 lt·

144 3845 325 3929 ιιιιιῶμιιτις
343 3853 406 3912 vim
421 3851 505 3911 locus
523 3872 547 3912 c.
564 3849 602 3930 9,
622 3874 648 3912 ι.
666 3850 848 3932 reprobat
878 3854 957 3913 Dicit
972 3853 1013 3914 ibi
1030 3859 1174 3939 scriptor:

145 3953 239 4034 legem
256 3955 419 4020 Mosaicani
441 3957 590 4019 hominem
606 3959 691 4038 juxta
713 3958 920 4021 conscientiam
944 3958 1096 4026 absolvere
1116 3969 1178 4042 (ex-

145 4064 233 4142 piare)
254 4087 312 4128 non
333 4069 483 4148 potuisse,
505 4087 597 4148 quum
618 4066 717 4130 solum
737 4068 815 4127 circa
834 4088 925 4149 puros
943 4047 1026 4154 cibos
1040 4083 1179 4154 etpotns,
