2872 4690
742 263 813 329 17⁰

151 457 250 536 8,7-n.
265 438 348 510 1³¹⁰·
365 459 518 529 argum.
551 437 590 512 Si
605 423 710 514 enim
725 438 897 542 primum
908 453 1066 542 paomm
1075 431 1300 534 persecto'm

253 558 401 652 suimet
423 575 462 633 et
482 559 532 634 ab
555 563 658 632 omni
678 563 963 659 vituperatione
984 587 1166 651 vacuum,
1195 587 1299 636 novo

259 697 372 784 pacto
394 707 490 787 opus
510 710 590 757 non
610 681 760 772 fideret,
788 683 896 786 quod
919 671 1047 758 tamen
1070 683 1299 760 faciendum

259 804 366 880 Deus
380 805 492 882 effato
505 807 572 881 illo
587 805 621 908 [J
622 835 714 881 erem.
723 816 782 896 51,
791 821 834 878 ³1
845 805 930 910 sqq.]
940 825 1132 884 statuerat
1153 794 1298 910 [Novum

261 935 358 1022 igitur
369 953 499 1029 pactum
511 939 681 1029 perfectius
694 955 727 1008 et
746 938 859 1008 melius
872 941 1007 1033 pristino
1022 941 1064 1008 sit
1077 961 1204 1007 necesse
1216 931 1297 1034 eat]

204 1088 248 1142 13,
311 1054 451 1153 (Simul
467 1056 731 1159 consequitur,
751 1085 850 1136 novo
867 1059 941 1136 hoc
955 1075 1069 1164 pacto
1087 1056 1297 1164 pristinum

309 1179 533 1282 abrogatum
552 1184 659 1277 eoae.)

260 1297 340 1374 ΨΜ
356 1329 508 1397 orgum.
534 1303 676 1406 [Novum
686 1323 815 1402 pactmu
827 1309 922 1377 etiam
936 1308 1182 1378 melioribus
1197 1333 1296 1404 omass

261 1422 867 1524 tumestrncums(dtttoto'ptaot)¹“,
887 1433 1007 1502 rebus
1022 1450 1061 1502 et
1074 1435 1294 1504 institutis

259 1547 572 1652 piacularibus.]
680 1607 683 1620 .

321 1786 355 1823 ¹⁴¹
373 1792 456 1853 Hanc
473 1790 557 1854 verbi
572 1782 777 1880 δικαιῶματοο
791 1794 1058 1872 interpretationem
1074 1793 1156 1854 hisce
1169 1792 1292 1874 probari
1304 1783 1313 1792 ⁸

258 1921 347 1982 posse
363 1900 491 1964 arbitror
509 1902 705 1982 argumentis:
725 1925 776 1979 μα
793 1900 905 1982 syllaba
920 1900 1000 1967 finali
1013 1899 1123 1982 duplex
1138 1903 1291 1964 nominum

259 2006 509 2070 substantivorum
530 2001 620 2088 genus
636 2027 653 2068 e
670 2004 767 2066 verbis
789 2002 971 2098 derivatur,
986 2029 1096 2088 unum,
1121 2004 1205 2090 quod
1224 2029 1289 2069 rem

258 2117 367 2180 factam
382 2115 510 2197 indicat,
527 2119 579 2178 ie.
598 2118 659 2178 sire
672 2117 768 2197 ipsam
785 2117 950 2178 confectam
962 2115 1046 2178 verbi
1058 2116 1211 2190 actionem,
1232 2117 1293 2176 sive
1421 2155 1422 2164 ι

123 2247 127 2261 ‘
258 2247 357 2288 reme
379 2225 514 2287 confecta
535 2223 619 2286 verbi
635 2224 749 2286 actione
769 2221 902 2286 effectam
922 2236 952 2286 et
975 2235 1091 2302 ortam,
1112 2221 1209 2305 qualia
1224 2236 1294 2284 sunt

258 2335 412 2425 πςῖογμα,
437 2323 606 2422 δράμημα,
631 2332 734 2420 ῥῆμα,
760 2325 921 2415 πλοίομα,
949 2329 1136 2420 βούλευμα,
1166 2325 1286 2418 lippe,

258 2440 415 2528 δίδαγμα,
430 2431 590 2530 μα’θημα,
607 2437 784 2541 tuluppe,
799 2438 908 2531 κςίμα,
920 2454 985 2521 etc,
996 2441 1120 2503 alterum
1129 2438 1213 2524 quod
1224 2461 1288 2503 rem

257 2548 455 2612 conficiendae
473 2549 558 2614 verbi
579 2551 686 2612 actioni
706 2552 899 2624 servientem,
924 2553 1148 2622 instrumentum
1166 2549 1214 2612 rel
1229 2547 1287 2609 ad-

252 2657 435 2740 jiuuentum,
455 2658 503 2720 rel
514 2657 607 2720 simile
623 2655 766 2740 quiddam
782 2659 943 2740 significat,
963 2658 1060 2742 qualia
1072 2671 1155 2722 sunt:
1175 2647 1288 2745 μηχα-

258 2787 351 2848 rupo,
373 2752 640 2851 κατασκεύασμα,
659 2761 772 2853 δέομα,
791 2761 990 2856 ἐπικούρημα,
1012 2759 1169 2854 ἀλέξημα,
1185 2756 1284 2846 ἰἀμα,

257 2858 395 2956 decepta,
414 2865 561 2960 Ιιῖγιόοομα
579 2883 633 2933 etc.
673 2872 788 2934 Nomen
804 2865 1009 2961 δικαιόματοο
1024 2875 1140 2962 nonnisi
1157 2873 1286 2952 priorem

257 2979 337 3041 illam
352 2983 413 3040 rim
429 2977 527 3060 hahet
548 2999 565 3040 e
583 3000 643 3062 qua
661 2975 829 3060 decretum,
849 2993 1005 3060 statutum,
1025 2980 1128 3061 legem,
1145 2980 1204 3060 jus,
1222 2999 1286 3037 rem

253 3093 364 3174 justam
375 3087 553 3150 declaratam
566 3089 713 3170 significat
754 3093 851 3168 Quem
865 3087 984 3152 dicendi
1000 3109 1088 3150 usum
1101 3089 1187 3148 etiam
1200 3087 1285 3145 Lxx

257 3204 427 3280 interpretes
447 3197 562 3278 sequuti
581 3209 666 3270 sunt,
686 3196 831 3258 vocabula
851 3200 914 3293 ,ΡΠ
935 3200 1024 3298 ,ripn
1041 3197 1144 3265 ,illm
1160 3195 1284 3260 ‚town

256 3307 384 3394 nl'llpn
397 3301 543 3365 vocabulo
559 3298 766 3390 δικαιῶματος
782 3299 946 3364 reddentes.
976 3301 1042 3361 Hoc
1054 3321 1126 3363 vero
1143 3299 1212 3360 loco
1226 3321 1283 3360 no-

257 3409 492 3484 stersecundutn
504 3409 667 3491 analogiam
684 3408 899 3472 vocabulomm
917 3398 1143 3498 καθοίςματοο,
1175 3400 1282 3491 dyni-

256 3540 377 3599 ματος,
400 3511 597 3606 indeparati,
620 3507 864 3602 οἱῴοοιῶματος,
887 3517 956 3576 voci
979 3512 1187 3596 δικαιώματος
1208 3513 1282 3574 alte-

257 3648 322 3687 ram
333 3627 413 3686 illam
428 3625 666 3706 significationem
686 3623 793 3686 tribuit
833 3622 981 3704 Significat
998 3623 1075 3682 enim
1091 3621 1151 3682 hoc
1167 3622 1283 3684 nomine

258 3755 335 3813 rem,
356 3754 415 3815 qua
428 3734 506 3794 actio
523 3731 606 3793 verbi
624 3730 758 3796 δικαιοῦν
772 3713 922 3814 perficitur
936 3742 966 3791 et
983 3731 1013 3790 in
1031 3727 1167 3794 effectum
1183 3717 1280 3790 addu-

259 3845 343 3918 citur,
353 3861 417 3900 rem
427 3861 501 3920 quae
511 3830 660 3900 hominem
671 3841 785 3920 justum
794 3836 902 3917 reddit,
908 3840 1055 3918 justificat,
1065 3840 1161 3918 expiat
1171 3859 1280 3898 -rem

173 4011 177 4026 ,
254 3947 471 4028 justificantem,
489 3947 668 4028 piacularem
678 3983 719 3994 -
728 3950 916 4030 piamentum,
929 3947 1087 4028 piaculum,
1099 3947 1183 4028 quasi
1196 3941 1280 4012 djxe-

260 4059 299 4115 ria
317 4054 573 4135 justificamentum
591 4057 832 4138 (junifieatiouem
845 4056 971 4137 Vulgata
988 4052 1069 4116 haud
1087 4053 1163 4116 male
1179 4054 1280 4126 uertit).
