2856 4716
721 267 800 352 eoa!
926 351 937 360 ,

232 433 320 536 quis
338 448 416 508 tam
429 465 452 506 a
468 431 709 509 Judaeorum
725 433 845 537 isuam
862 463 883 530 a
902 443 1210 518 Christianorum
1224 469 1288 518 so-

233 556 371 634 cietate
395 567 610 660 segregatus
632 575 744 645 esset,
771 587 862 634 nam
882 574 1050 662 utraque
1068 590 1157 662 pars
1175 559 1286 636 banc
1326 551 1331 556 ⁵

233 681 451 758 doctrinam
473 682 559 786 pari
583 681 767 784 religione
794 683 998 770 aiebatur,
1024 682 1184 786 utrique
1207 681 1287 784 hoc

188 862 191 874 .
233 783 354 910 caput
384 821 469 882 erat
494 793 669 912 omnium
691 805 739 880 dc
764 806 880 882 rebus
904 805 1044 880 divinis
1065 807 1283 908 persuasio-

233 959 346 1022 num,
378 947 496 1034 atque
527 931 569 1004 in
592 955 636 1004 ea
664 929 787 1004 omnis
816 911 1021 1032 utriusque
1050 929 1170 1033 partis
1196 955 1284 1034 spes

231 1055 465 1157 versabatur.
518 1051 642 1164 Quid,
675 1053 782 1158 quod
816 1079 863 1130 ex
893 1051 1052 1158 Josephi
1079 1053 1198 1128 libris
1232 1054 1311 1146 de·

182 1261 194 1275 «
232 1179 336 1256 bello
358 1178 524 1254 Judaico
539 1194 678 1254 notum
693 1195 767 1266 est,
791 1177 1032 1258 Judaeorum
1055 1177 1161 1253 illius
1177 1159 1282 1254 aeta-

113 1367 118 1373 .
233 1303 280 1378 tis
309 1285 497 1382 fiduciam
525 1303 666 1408 regni
663 1301 998 1404 metuamusque
1027 1299 1078 1376 ad
1107 1301 1282 1417 furorem

232 1441 388 1507 auctam
402 1427 543 1504 fuisse?
527 1425 665 1500 Ac
636 1451 669 1499 31
686 1425 767 1530 ἱΡ33
782 1425 1070 1528 Hierosolymac
1086 1413 1283 1530 expugna·
1313 1525 1317 1532 Ι

108 1581 112 1586 ·
176 1607 178 1614 -
233 1552 286 1627 tio
299 1551 404 1628 hanc
417 1550 603 1628 fiduciam
616 1579 667 1628 ne
680 1552 858 1628 minuere
872 1549 1032 1653 quidem
1049 1551 1188 1654 potuit,
1214 1579 1283 1644 ne-

232 1675 328 1756 dum
354 1703 441 1752 eam
470 1675 674 1765 deleverit,
706 1673 928 1762 's1T'almud
954 1691 994 1750 et
1019 1675 1306 1757 Medraschim.

230 1801 340 1904 pleni
362 1818 457 1878 sunt
476 1803 562 1906 spei
586 1785 818 1908 Μ333131133,
853 1803 888 1876 si
908 1783 1051 1878 'Judaei
1078 1827 1202 1904 usque
1224 1799 1288 1876 'ad'
1318 1879 1321 1884 ,
1409 1881 1410 1884 ,

200 1935 218 1996 .'
229 1924 340 2002 hunc
366 1924 469 2002 diem
487 1925 600 2028 spem
623 1925 855 2002 Messianam
876 1926 984 2000 velut
1007 1919 1208 2006 cardinem
1224 1943 1281 2002 to-

202 2039 205 2046 ’
232 2049 308 2126 tius
330 2048 743 2162 disciplinaebabe'nt,
770 2039 820 2157 n‘e
843 2051 886 2126 in
904 2051 1174 2154 cogitationem
1192 2053 1280 2154 qui-

231 2173 321 2251 dem
341 2171 480 2250 cadere
494 2189 635 2278 potest,
661 2201 789 2250 unum
808 2200 855 2248 ex
875 2173 1033 2252 «Iudaeis
1053 2175 1158 2252 iilius
1176 2191 1279 2254 aeta-

86 2309 91 2322 ·
118 2309 122 2314 ’
231 2300 280 2374 tis
298 2298 584 2428 dubitationem
606 2297 655 2377 de
679 2323 797 2402 regno
822 2297 1013 2378 Messiano
1037 2299 1182 2378 babere
1209 2329 1279 2406 po-

230 2423 355 2500 tuisse.
990 2441 997 2450 '

90 2543 93 2550 ’
186 2553 189 2566 “
303 2551 338 2623 2.
364 2548 454 2624 Jam
482 2541 656 2652 quodni
682 2549 918 2626 Christianos
942 2525 1116 2654 judaicos
1142 2550 1277 2628 cadere

106 2753 108 2760 s
228 2701 312 2752 non
326 2699 436 2778 posse
453 2673 630 2761 vidimus,
656 2674 727 2750 id
716 2704 758 2751 111
780 2677 1016 2754 Christianos
1030 2704 1169 2784 genere
1185 2703 1271 2780 gen-

169 2777 201 2856 is
230 2799 315 2874 tiles
327 2799 470 2903 optime
483 2799 672 2902 quadrat
686 2785 739 2877 Hi
753 2803 858 2878 enim
870 2803 1079 2907 posteriore
1095 2803 1267 2907 tempore,
1323 2837 1325 2842 ¹

63 2961 67 2970 .
167 2959 176 2972 1
209 2919 355 3026 'quum
372 2939 553 3014 aetatem,
580 2925 645 3000 cui
670 2926 833 3003 nuntius
852 2925 901 3002 de
917 2925 1054 3000 Mcssia
1069 2927 1272 3002 Messiano-

229 3073 308 3150 que
338 3073 457 3151 regno
489 3049 734 3152 (ευαγγέλιον)
766 3052 969 3128 nuntiatus
994 3039 1117 3140 erat,
1109 3052 1274 3128 sensim

228 3175 328 3250 mori
353 3163 547 3265 viderent,
588 3169 719 3282 atque
733 3178 923 3254 adventus
944 3177 1106 3256 Messiae
1129 3175 1275 3252 diutius

228 3297 449 3376 differretur
474 3327 593 3402 quam
627 3301 739 3378 initio
765 3279 1030 3404 speraverant,
1056 3300 1138 3404 spei
1166 3299 1275 3402 regni

228 3414 413 3500 Matiani
435 3421 608 3500 ¹diffidere
634 3441 870 3528 coeperant..
899 3413 960 3500 De
985 3453 1064 3528 qua
1087 3451 1129 3500 re
1150 3439 1275 3530 poste·

30 3551 33 3566 '
138 3635 145 3644 Ι
228 3545 348 3622 riores
366 3547 410 3622 N.
431 3549 473 3626 T.
489 3549 582 3624 libri
602 3547 817 3660 testimonia
833 3546 938 3624 dant.
966 3551 1124 3646 ,Petrus
1144 3547 1187 3624 in
1201 3573 1271 3624 sec.

67 3779 70 3796 Ι
110 3763 113 3774 ,
229 3648 389 3776 epistola
408 3669 477 3752 s'ua
493 3674 587 3774 (sive
601 3674 688 3776 quis
703 3673 802 3750 alius
816 3673 921 3750 hanc
938 3673 1139 3780 epistolam
1155 3672 1273 3776 scrip-

200 3796 333 3900 *fflsit)
322 3814 375 3874 1ta
401 3799 496 3877 dicit
521 3803 628 3897 (5,3,
650 3815 731 3884 ret
757 3802 823 3896 9..)
869 3798 916 3873 Id
932 3799 1042 3880 volus
1061 3795 1272 3906 sciendum
1356 3868 1360 3876 .

169 3997 171 4000 .
229 3921 377 4033 ultimis
395 3924 532 4004 diebus
551 3939 733 4016 venturos
753 3949 830 3999 esse
849 3889 1070 4018 irrisores...
1142 3919 1273 3994 ...di-

231 4065 377 4126 centes:
406 4051 483 4130 Ubi
504 4067 559 4128 est
577 4049 776 4162 promissio
794 4048 981 4144 adventus
991 4047 1104 4155 ejus?
1131 4073 1180 4123 cx
1195 4071 1272 4150 quo
