2872 4690
728 251 798 320 {48

169 439 236 521 ¹0²·
299 431 430 506 namsi
442 429 482 518 is,
496 427 566 532 qui
574 427 647 532 legi
660 371 854 528 [mosaicae]
862 453 937 526 per
947 429 1106 526 angelos
1112 423 1324 532 promul-

291 570 400 657 gatae
423 549 479 652 [cf.
497 551 608 652 tta]
633 577 713 628 non
732 551 953 640 obediebat,
974 577 1139 654 poenam
1156 549 1319 634 dabat,

132 663 138 668 ¹
172 694 235 766 aa,
298 676 580 780 quantomagis
600 676 788 779 punietur
807 675 855 763 is,
877 675 947 777 qui
968 673 1177 777 neglexerit
1198 690 1319 748 tan-

293 799 727 899 tamsnlutem[l,14.]
750 799 800 874 ab
830 799 912 902 ipso
937 797 1016 872 lilio
1045 799 1082 895 [i.
1101 827 1127 872 e.
1153 802 1315 882 Massia,
1417 825 1418 908 j

295 931 327 1010 l,
339 923 387 1020 a]
406 923 719 1026 pronunciatam,
742 921 791 995 ab
807 917 890 1024 ejus
912 921 1153 997 auditoribus
1170 920 1312 994 nobis
1417 919 1418 1014 ᾗ

292 1043 487 1131 traditam,
516 1061 555 1117 et
571 1043 752 1148 prodigiis
768 1042 1041 1120 confirmatam.

289 1167 377 1267 [lam
394 1173 538 1266 sequitur
560 1188 795 1258 argumentum,
828 1194 925 1265 quare
944 1171 1138 1258 negligentia
1155 1168 1300 1253 salutis,

290 1315 385 1386 quam
403 1291 536 1360 Messias
549 1291 729 1374 nuntiavit,
750 1307 814 1358 tam
829 1291 1005 1382 perniciosa
1022 1285 1092 1384 sit]

204 1427 230 1482 s.
339 1410 437 1486 Nam
455 1413 617 1482 mundus
624 1411 789 1505 ficturus
820 1409 947 1508 [mundi
965 1388 1020 1482 illa
1038 1429 1140 1482 status
1156 1411 1290 1481 felicia-

338 1539 435 1608 simus
454 1537 512 1606 sub
525 1560 619 1624 regno
630 1539 767 1605 Messiae
780 1539 848 1606 sive
863 1561 991 1624 regnum
1006 1538 1211 1621 Messianum,
1233 1538 1285 1604 ef.

336 1656 490 1758 §.1⁰,9.]
512 1679 558 1729 na
572 1679 644 1746 Quo
661 1679 863 1745 aoomuuu,
884 1681 960 1728 non
977 1657 1128 1750 angelis
1141 1653 1283 1732 subdi-

336 1795 396 1856 tus
417 1781 507 1876 erlt3

335 1906 407 2003 [sed
426 1910 510 2002 ipsi
535 1910 667 1996 igitur
686 1904 1014 2002 lilio'(Messiae)
1032 1903 1278 2003 (cf.§.17,an-

334 2045 400 2096 not.
419 2023 512 2123 89.);
537 2030 571 2096 id
587 2027 673 2122 quod
694 2028 883 2113 cogitatione
904 2027 1120 2122 supplendum
1131 2019 1172 2094 ¹²³.

336 2149 437 2233 lgitur
451 2147 492 2214 ob
508 2146 729 2232 negligentiam
742 2148 878 2214 Messiae
892 2170 910 2212 a
926 2148 1036 2215 mundi
1051 2147 1150 2214 suturi
1166 2142 1273 2240 (regni

334 2261 503 2360 Messiani)
526 2266 655 2334 civitate
672 2261 899 2358 excludemur]

332 2382 365 2479 [J
367 2407 417 2452 am
431 2386 665 2452 demonstratur
677 2387 830 2452 mundum
847 2387 988 2452 futurum
1009 2386 1145 2454 Messiae
1161 2410 1273 2454 revera

330 2508 509 2600 subjectum
525 2503 624 2602 forez]

157 2644 222 2700 s-a.
387 2622 574 2725 scriptum
601 2620 706 2696 enim
733 2621 949 2698 invenimus
976 2621 1094 2720 [Ps.8,
1117 2635 1183 2698 tet
1201 2626 1263 2726 6.]:

383 2743 549 2820 hominis
563 2743 642 2818 filio
655 2745 821 2846 [Messiae]
842 2748 969 2822 omnia
987 2743 1156 2846 subjecta
1171 2773 1264 2838 esse,
1367 2839 1374 2844 ι

292 2928 326 2963 ²²³
345 2931 443 2992 Brevis
456 2927 529 2990 haec
547 2941 578 2990 et
589 2925 825 3024 manca'dic'endi
839 2934 931 3009 ratio,
951 2953 1027 3012 quae
1039 2937 1193 2995 sententias
1207 2955 1263 2995 co·-

201 3065 202 3074 ¹
229 3041 367 3121 gitatione
388 3033 579 3120 complendos
596 3037 757 3119 legentibus
776 3039 928 3120 relinquit,
955 3042 1117 3122 inscriptis
1135 3037 1262 3122 judaicis
1304 3037 1307 3046 ⁴

229 3167 372 3228 perquam
390 3143 495 3208 crebro
512 3149 678 3224 invenitur,
697 3168 787 3228 quam
801 3146 841 3208 ob
861 3169 925 3208 rem
937 3146 1005 3208 libri
1020 3148 1162 3210 rabbinici
1175 3170 1273 3230 saepe.

229 3276 290 3315 non
301 3256 356 3314 nisi
368 3275 438 3314 cum
453 3274 568 3314 summa
581 3255 670 3314 animi
687 3255 841 3315 attentione
854 3253 974 3336 intelligi
988 3267 1120 3336 possunt
1160 3255 1262 3316 Solent

231 3363 309 3422 enim
331 3361 488 3444 scriptores
512 3364 681 3422 sententiam
704 3362 802 3423 solum
822 3360 952 3424 indicare
974 3375 1003 3425 et
1026 3364 1185 3443 inchoare,
1204 3385 1261 3425 nec

231 3489 303 3530 vero
320 3469 414 3530 fusius
426 3459 581 3549 'exponere
598 3479 626 3529 et
641 3471 793 3550 persequi,
813 3471 853 3530 ita
873 3481 907 3530 ut
923 3471 971 3532 vel
989 3470 1054 3531 finis
1072 3482 1266 3551 argumenta-.

228 3578 333 3654 tionis,
353 3575 401 3636 vel
419 3575 476 3636 alia
491 3573 637 3657 quaedam
653 3578 827 3654 enuntiatio,
845 3597 921 3658 quae
937 3577 1064 3638 everhis
1081 3575 1258 3638 anteceden-

228 3681 307 3746 tibus
322 3681 401 3742 ultro
417 3685 621 3764 consequitur,
643 3685 817 3764 cogitatione
838 3683 1000 3765 supplenda
1018 3688 1062 3746 sit
1105 3687 1196 3766 Cujus
1213 3688 1257 3748 rei

227 3788 395 3871 elemplum
413 3787 594 3853 luculentum
613 3788 682 3854 ride
706 3793 736 3851 in
756 3804 853 3854 annot
875 3801 941 3860 105.
980 3795 1049 3856 Pari
1066 3791 1183 3856 dicendi
1202 3815 1254 3870 ra·

224 3899 304 3962 tione
322 3899 409 3959 etiam
426 3913 527 3962 noster
548 3901 675 3980 scriptor
693 3899 826 3981 pluribus
845 3899 919 3963 locis
937 3905 1047 3994 utitur,
1064 3904 1140 3962 sicut
1159 3901 1208 3964 hic
1225 3913 1256 3964 et
1360 3942 1364 3960 .

223 4025 250 4066 r.
263 4013 305 4079 &t
326 4002 395 4070 ride
412 4027 488 4089 quae
502 4007 704 4072 mnotarimus
719 4005 759 4071 ad
777 4005 921 4089 c.5,v.a;
937 4009 973 4091 ,7,
986 4021 1041 4083 105
1061 4007 1091 4088 8,
1105 4017 1131 4073 t.
