2856 4716
741 223 819 310 250,

133 496 137 506 ,
257 407 469 494 movebunt
486 403 762 500 difficultatem,
789 403 900 490 Unus
917 405 1018 482 inest
1033 385 1271 511 parabolae
1288 407 1336 486 de

235 543 238 552 ’
257 534 338 626 fitis
359 529 511 638 perdito,
533 533 713 626 (Lucas,
732 542 774 624 a,
792 542 831 604 et
847 523 941 626 ³22),
964 531 1034 606 ubi
1053 529 1101 607 de
1118 530 1221 608 filio
1238 559 1330 638 per-

184 697 187 716 ·
257 658 338 746 dito
355 657 416 752 bis
436 654 652 760 reperimus
671 667 898 757 usurpatam
919 655 1178 744 sententiam
1216 683 1330 730 mor-

248 795 346 854 tuus
366 781 456 873 suit
480 793 520 850 et
546 779 699 852 revixit.
745 775 881 872 Quum
909 779 1037 865 Lucas
1062 781 1327 884 evangelium

153 955 156 960 -
255 897 372 978 'suum
391 899 599 1005 scripserit
607 898 938 976 contraMatthaei
957 903 1224 1006 evangelium,
1254 905 1324 1006 qui

251 1024 465 1128 gentilibus
495 1021 606 1126 regni
633 1021 814 1098 Messiani
844 1024 1064 1106 societatem
1091 1043 1239 1130 negat,
1273 1025 1323 1104 ad

256 1145 586 1266 propugnandum
611 1169 685 1249 ¹pro
699 1242 702 1252 ι
716 1145 884 1240 Paulina
913 1145 1107 1238 doctrina,
1144 1176 1239 1253 qua
1274 1149 1317 1224 iis
1365 1202 1366 1244 ,

255 1272 366 1375 regni
390 1271 573 1362 Messiani
597 1270 730 1359 civitas
754 1269 1011 1374 promittitur,
1038 1297 1167 1376 quum
1198 1299 1317 1378 prae·

255 1391 387 1472 sertim
406 1395 504 1472 haec
521 1394 729 1499 parabola,
753 1419 855 1496 quae
873 1395 1002 1472 Lucae
1021 1413 1077 1472 est
1092 1397 1316 1501 peculiaris

255 1545 386 1622 neque
399 1519 443 1596 in
455 1520 651 1624 evangelio
660 1517 846 1595 Matthaei
862 1517 1072 1608 invenitur,
1094 1520 1207 1598 hanc
1221 1521 1310 1596 doc-

256 1643 399 1722 trinam
422 1661 586 1750 spectet,
612 1644 664 1720 in
676 1669 839 1748 persona
865 1642 937 1718 filii
964 1661 1062 1721 natu
1085 1644 1253 1750 majoris
1276 1660 1311 1719 et

254 1768 347 1875 justi
365 1773 501 1867 (r.a9.)
519 1785 678 1874 propter
691 1768 912 1872 benigniter
926 1786 1131 1874 exceptum
1143 1769 1326 1860 fratrem,

254 1893 456 1982 irascentis¹
490 1893 665 1996 judaicos
701 1891 958 1982 Christianos,
991 1909 1031 1968 et
1061 1894 1104 1970 in
1134 1921 1301 2000 persona

256 2017 327 2092 filii
344 2017 486 2122 perditi
501 2018 569 2094 sed
584 2046 675 2094 cum
689 2018 927 2122 poenitentia
942 2018 994 2092 ad
1005 2035 1157 2122 patrem
1173 2044 1301 2094 rever-

255 2142 369 2218 tentis
393 2142 552 2246 gentiles
577 2141 830 2232 Christianos,
851 2135 1053 2244 qui'antea
1073 2141 1298 2218 idololatrae

253 2265 413 2342 fuerant
436 2265 504 2356 sed
520 2265 579 2356 ,ad
596 2253 782 2358 Jchovam
808 2264 1017 2344 colendum
1039 2292 1080 2342 se
1099 2283 1294 2360 converte-

174 2377 203 2470 '2
254 2407 361 2478 rant,
388 2389 617 2502 depingens,
639 2391 750 2466 nulla
775 2389 934 2466 omnino
959 2417 1161 2473 remanere
1178 2403 1298 2496 potest
1347 2386 1351 2409 ‘

255 2513 466 2606 dubitatio,
486 2541 565 2618 qua
584 2515 733 2590 ratione
747 2514 911 2590 verbum
927 2517 1097 2604 ,mortui
1113 2517 1155 2588 in
1175 2518 1295 2590 vitam

256 2641 426 2724 reversi»
449 2639 635 2763 explicari
657 2637 807 2728 debeat,
932 2637 935 2646 '

327 2767 362 2836 2.
389 2763 497 2838 Alter
505 2747 642 2854 locus
632 2763 831 2839 rnv'enitur
846 2763 889 2840 in
906 2763 1102 2867 evangelio
1114 2759 1293 2838 Matthaei

126 2883 162 2945 ἰ
256 2892 307 2981 (8,
321 2890 404 2982 22).
448 2889 515 2960 Est
540 2867 689 2964 dictum
711 2888 828 2977 illuri,
856 2887 964 2992 quod
982 2887 1146 2991 scriptor
1168 2891 1291 2964 Jesum
1361 2938 1362 2942 ι

255 3009 447 3115 discipulo
455 3029 606 3115 patrem
617 3011 779 3116 sepelire
789 3014 933 3088 volenti
947 3012 1181 3116 respondere
1189 3009 1288 3091 facit:

240 3135 344 3224 ,Sine
361 3153 531 3212 mortuos
550 3154 721 3212 mortuos
738 3137 909 3240 sepelire.
944 3117 1032 3228 Non
1051 3136 1207 3229 difficile
1226 3133 1290 3210 crit

254 3257 373 3362 hujus
392 3259 485 3349 dicti
503 3286 658 3338 sensum
674 3261 905 3363 intelligere,
929 3258 997 3336 cisi
1016 3261 1180 3336 verbum
1197 3285 1288 3348 mor-

256 3375 413 3458 tuoru'm
427 3385 492 3470 ihi·
505 3384 724 3474 deJudaeis
741 3401 965 3489 usurpatur.¹
1003 3385 1167 3476 Animus
1180 3381 1287 3460 hosti·
1360 3478 1361 3484 η

253 3507 348 3594 litis,
377 3508 447 3610 qui
473 3509 573 3584 lihro
603 3525 736 3584 contra
764 3535 906 3593 omnes
920 3510 1036 3597 inest,
1070 3509 1140 3610 qui
1167 3530 1284 3584 nona

219 3615 221 3620 ¹
252 3615 427 3734 partibus
441 3633 767 3760 scriptorisstant‚
785 3633 901 3724 etiam
918 3633 973 3720 in
966 3631 1284 3724 Judaeos‚Jesum

121 3779 128 3834 ἱ
251 3732 467 3832 Messiam
456 3783 536 3832 non
551 3774 813 3859 agnoscentes,
837 3772 876 3832 et
890 3756 1088 3860 imprimis
1094 3757 1137 3832 in
1152 3759 1283 3862 primo·

253 3906 312 3954 res
334 3881 504 3978 civitatis
527 3883 568 3956 in
585 3881 730 3968 divites,-
752 3881 843 3984 legis
863 3881 1029 3985 peritos
1022 3895 1061 3956 et
1076 3880 1281 3957 Pharisaeos
1367 3857 1368 3880 ¹

253 4006 429 4108 erumpit.
463 4007 549 4080 Non
569 4007 685 4109 igitur
703 4023 760 4082 est
776 4005 1015 4094 mirandum,
1041 4031 1104 4086 eos
1118 3985 1194 4106 hoc
1209 4007 1279 4082 loco
1367 4065 1368 4080 ,
