2856 4694
757 245 802 310 18

265 421 448 497 Infimum
486 421 638 496 eoelum
675 433 731 494 est
770 419 930 520 eoelum³
962 391 1206 512 stelliferum
1253 419 1296 492 in

265 545 391 624 medio
417 546 523 620 coelo
547 547 618 619 sita
644 561 699 632 est
724 544 985 646 Hierosolyma
1011 545 1180 620 eoelestis
1206 571 1298 618 cum

266 671 407 774 templo
425 670 500 746 Dei
521 671 689 759 coelesti,
713 671 756 745 in
774 698 853 772 quo
872 670 1038 746 Michael
1062 698 1166 747 saera
1185 670 1297 762 facit3

142 851 146 865 .
265 797 309 870 in
334 823 483 872 summo
513 797 768 872 inveniuntur
794 797 869 870 Dei
897 795 1058 870 thronus
1091 795 1297 870 clarissima

265 920 353 995 luce
385 920 607 1024 splendens,
641 922 791 1024 agmina
825 922 1048 1022 angelorum
1076 920 1296 994 ministran-
1368 939 1374 946 ·

264 1179 312 1255 t:
334 1154 484 1252 narona
506 1176 630 1275 napa
650 1179 782 1246 unm
805 1148 879 1251 lm
902 1151 1091 1250 nannai>
1113 1133 1293 1254 niarium

175 1292 177 1304 ·
226 1271 1292 1391 1*astutumpnnumnumtnuntttnwtmmonmt

266 1381 408 1480 ‚nasia
433 1411 525 1504 ratu
543 1415 643 1483 eurr
667 1414 723 1480 na
743 1389 843 1503 pam
864 1409 1004 1491 'arnan
1029 1413 1133 1478 enai
1157 1412 1291 1492 tnaon

265 1526 316 1584 ie.
340 1522 373 1584 In
396 1520 531 1584 Araboth
552 1525 651 1584 insunt
676 1525 789 1584 animae
812 1521 965 1582 hominum
983 1523 1132 1602 justorum
1157 1523 1293 1604 [quarum

265 1643 366 1692 ooetrrs
387 1632 552 1694 nominatur
568 1625 721 1710 paradisus
740 1629 889 1709 superior,
913 1625 982 1688 vide
1001 1627 1102 1708 infra]‚
1125 1631 1242 1709 spiritam
1263 1641 1293 1690 et

260 1740 376 1800 'ammae
393 1759 510 1816 eorum,
529 1738 580 1817 (μή
595 1739 624 1795 in
640 1747 793 1816 posterum
810 1733 1001 1812 creabuntur,
1019 1748 1048 1795 et
1061 1755 1127 1815 ros,
1145 1757 1205 1817 quo
1223 1739 1293 1799 olim

265 1857 381 1907 sanetus
394 1846 475 1907 Deus
490 1845 574 1905 rivos
591 1839 698 1903 reddet
712 1853 856 1917 mortuos,
871 1841 970 1922 ibique
981 1843 1083 1922 Rotae,
1100 1857 1129 1904 et
1140 1817 1305 1927 Seraphim

264 1952 369 2040 [angeli¹
385 1952 489 2033 ignei],
510 1962 540 2010 et
556 1948 690 2008 animalia
708 1949 807 2008 Sancti
833 1947 946 2025 (emh.
961 1947 993 2018 l;
1012 1949 1120 2012 Jesaias
1131 1949 1184 2028 6.),
1206 1965 1294 2034 atque

266 2061 360 2142 angeli
381 2062 592 2134 ministrantes,
617 2068 647 2117 et
668 2055 792 2118 thronus
817 2058 990 2136 majestatis,
1019 2070 1105 2138 atque
1126 2059 1292 2122 Altissimus

201 2213 204 2220 ,
263 2183 352 2250 super
363 2170 397 2228 iis
412 2162 551 2228 residens.
563 2199 605 2214 -
614 2165 648 2224 In
658 2167 742 2225 tertio
753 2177 856 2226 conua
868 2165 953 2228 coelo
968 2165 1066 2228 molae
1077 2169 1171 2228 inesse
1184 2166 1289 2230 dicun-

262 2272 367 2336 tur‘ad
389 2269 558 2336 molendam
573 2291 728 2348 mannam,
747 2273 777 2332 in
794 2275 895 2353 quinto
914 2273 1008 2354 angeli
1025 2277 1219 2339 ministrantes
1237 2280 1292 2338 Dei

261 2381 381 2444 laudem
396 2394 541 2457 canentes,
556 2401 632 2461 quos
645 2392 743 2440 tamen
759 2383 789 2440 in
803 2384 928 2462 septimo
943 2403 1061 2464 quoque
1073 2386 1201 2464 proferri
1214 2383 1290 2444 vidi-

262 2511 337 2552 mus
355 2489 389 2550 In
404 2501 488 2550 sexto
504 2484 580 2548 adeo
594 2484 689 2546 malus
704 2507 754 2546 ros
771 2498 800 2546 et
812 2499 995 2568 tempestates
1010 2501 1039 2550 et
1051 2489 1137 2571 plura
1151 2488 1184 2550 id
1199 2513 1289 2571 genus

260 2601 355 2659 inesse
376 2589 522 2656 dieunmr.
561 2597 646 2672 Quae
666 2616 759 2676 quum
778 2593 988 2658 absurdissima
1006 2601 1079 2678 sint,
1103 2598 1289 2660 statuendum

56 2693 62 2700 ⁶
148 2727 151 2736 ’
261 2704 432 2785 videbatur,
449 2704 524 2766 haec
541 2715 668 2784 (piatuor
684 2703 782 2764 coela:
802 2708 946 2786 primum,
965 2709 1097 2784 tertium,
1113 2707 1245 2787 quimum
1261 2719 1291 2768 et

261 2827 393 2890 sermm,
410 2813 575 2894 poster-iore
591 2831 655 2872 esse
673 2809 871 2874 additamenta
887 2811 926 2874 ad
941 2810 1118 2895 explendum
1134 2835 1290 2874 numerum

261 2908 456 3002 septenarium
474 2940 513 2980 ex
532 2920 710 2978 astronomia
730 2919 914 2980 Graecorum
933 2923 1102 3001 repetitum,
1123 2942 1159 2980 ae
1176 2933 1289 2983 veteres

260 3029 414 3108 magistros
436 3025 580 3108 judaicos·
595 3028 710 3088 nonnisi
726 3026 838 3108 reliqua
858 3032 913 3090 tn'a
934 3029 1017 3090 o'oela
1035 3049 1123 3110 supra
1143 3027 1289 3110 descripta

260 3135 428 3214 agnovisse,
447 3135 618 3213 praesertim
631 3151 724 3213 quum
738 3132 848 3198 Paulus
864 3137 894 3194 in
913 3147 930 3196 2
943 3158 987 3216 ep.
997 3133 1037 3196 ad
1047 3135 1185 3214 Corinth,
1201 3159 1218 3196 o
1238 3136 1288 3204 12,

260 3261 287 3302 v.
298 3252 316 3302 2
328 3251 358 3300 et
367 3244 402 3318 4,Ι
414 3235 453 3299 de
466 3240 552 3300 tertio
566 3237 651 3300 coelo
665 3237 813 3318 loqrmmn
827 3254 856 3302 et
866 3239 1037 3322 paradisum
1051 3245 1124 3304 ineo
1140 3243 1288 3306 collocem

260 3345 401 3408 videatur.
437 3347 535 3426 Quam
552 3349 752 3426 conjecturam
772 3348 916 3411 hocloco
934 3351 1157 3432 comprobatam
1173 3355 1284 3414 inveni:

258 3452 356 3546 lallut
365 3452 524 3531 Sehimoni,
540 3453 627 3542 Tom
633 3453 657 3530 1,
668 3451 737 3514 seit
747 3454 831 3532 Ekef,
842 3456 891 3517 sol
903 3468 972 3535 270,
983 3457 1038 3518 eol
1048 3471 1074 3537 l,
1085 3458 1125 3520 ad
1136 3459 1286 3542 explican-

259 3558 334 3657 dum
348 3559 450 3621 locum
469 3557 640 3635 silos-10,
659 3564 714 3620 14:
737 3616 740 3622 .

244 3651 301 3802 ‘pn
330 3699 485 3780 ,anem
518 3682 582 3788 (in
607 3671 753 3796 sarpa)
779 3669 905 3766 nunu
936 3701 1106 3772 suranae
1131 3704 1284 3775 aarum

177 3851 179 3856 ,
256 3820 310 3895 aa
333 3815 466 3896 uagata
481 3819 574 3876 noser
606 3815 760 3882 nunu
785 3818 881 3886 soni
906 3819 1046 3886 nroun
1071 3799 1199 3910 aaran
1219 3791 1285 3886 ‘aa

258 3919 409 3982 dixenmt:
429 3921 500 3980 Tria
512 3933 579 3982 sunt
595 3923 695 4003 coela,
716 3936 751 3984 ut
767 3921 881 3986 dictum
897 3939 942 3988 est
961 3936 988 4006 (5
999 3931 1073 3992 Mos.
1085 3929 1134 4010 m,
1147 3935 1215 4005 tel:
1236 3931 1283 3991 En

258 4027 377 4093 Domini
389 4027 446 4088 Dei
461 4029 504 4096 tui
521 4028 637 4090 eoelum
655 4042 698 4090 est
715 4042 745 4092 et
763 4030 878 4092 coelum
895 4032 976 4099 coeli.
