2856 4716
676 181 783 289 'eos
903 233 911 330 j

150 445 159 460 ι
222 393 531 494 Christianprum
542 394 724 477 societate
740 395 1010 496 permanebat,
1032 398 1116 478 ,sive
1133 399 1184 474 ad
1199 401 1279 478 Ju-

222 519 409 596 daeorum
440 534 567 622 partes
603 517 775 604 redibat,
806 519 914 620 regni
946 507 1136 594 Messiani'
1163 546 1277 624 spem

221 671 346 748 neque
358 645 522 720 firmiter
538 644 721 718 tenebat?
766 642 829 719 An
844 642 1084 721 Christianus
1100 643 1188 724 ideo
1197 647 1275 722 ‚Ju-

223 769 341 846 daeus
352 769 495 855 fiebat,
519 767 627 870 qnod
643 765 691 842 de
709 791 827 868 regno
841 765 1034 869 Messiano
1054 765 1273 857 dubitabat,

222 896 333 999 quasi
361 893 504 971 Judaei
529 918 611 968 non
637 917 761 994 aeque
787 905 892 966 certo
916 917 962 968 ac
987 891 1195 968 Christiani
1221 893 1274 970 de

192 1043 194 1056 ·
222 1022 340 1122 regno
361 1019 552 1108 Messiano
576 1019 649 1094 sibi
665 1043 892 1122 persuasum
908 1016 1158 1100 habuissent?
1265 1055 1267 1064 1

196 1222 204 1240 ,
250 1226 259 1242 Χ
296 1147 330 1220 3.
356 1139 487 1219 Altera
500 1144 569 1218 itu
586 1130 768 1248 'epistolae
783 1143 958 1220 doctrina
976 1141 1025 1220 de
1039 1142 1273 1247 pontificatu

222 1265 398 1356 Messias,
425 1269 490 1344 oui
508 1267 635 1344 brevis
655 1268 855 1342 doctrinae
879 1267 928 1344 de
943 1267 1183 1348 redemtione
1200 1271 1271 1346 ad·

221 1390 417 1470 umbratio
427 1391 685 1482 fundamento
696 1411 762 1483 est
779 1393 995 1474 conditioni
1009 1393 1149 1472 talium
1160 1394 1271 1496 Chri-

194 1527 197 1534 '
221 1515 436 1595 stianorum
450 1517 699 1621 judaicorum
714 1546 797 1596 non
812 1521 942 1596 minus
956 1524 1012 1595 e'st
1023 1518 1175 1631 aiiena5
1201 1545 1269 1623 ego

101 1669 103 1674 ·
218 1643 383 1745 quidem
404 1643 548 1720 snutra
575 1643 779 1732 desudavi,
813 1660 864 1722 ut
886 1643 1128 1747 indagarem,
1162 1644 1269 1746 quod

222 1768 461 1844 consilium'
450 1795 493 1845 ιιι
513 1771 709 1847 exaranda
729 1771 805 1848 hac
827 1771 1009 1875 epistolae
1023 1785 1135 1874 parte
1149 1771 1269 1874 scrip-

176 1901 179 1910 '
222 1892 296 1966 tori
330 1891 483 1981 suisset,
524 1895 559 1970 si
597 1893 763 2008 judaicis
805 1894 1031 1970 Christianis
1069 1895 1271 1970 consudare

127 2084 130 2094 .
220 2009 382 2092 vo'leba't
507 2079 512 2088 .

290 2116 407 2238 §.sn
438 2143 526 2217 ros
553 2144 672 2248 igtur
704 2141 895 2249 epistolae.
918 2159 1145 2248 argsunena
1178 2151 1269 2220 cnm
1306 2209 1309 2214 ,

93 2263 96 2274 ’
221 2267 448 2344 conditione
460 2267 669 2348 Christiani
682 2267 830 2372 judaici
842 2267 1166 2382 addefectionem
1178 2297 1267 2374 pro·

158 2379 161 2386 ’
220 2387 331 2494 pensi
347 2391 449 2468 nihil
466 2393 629 2480 omnino
646 2393 854 2468 eornmune
873 2395 948 2484 est,
973 2388 1140 2472 alterum
1155 2393 1268 2471 alteri

182 2577 184 2586 ,
221 2515 382 2622 minime
398 2513 579 2618 quadrat,
624 2513 760 2618 Neque
783 2515 1115 2594 admonitionibus
1136 2518 1189 2596 ad
1208 2544 1266 2634 re-

221 2641 424 2716 tinendem
439 2641 548 2744 regni
563 2640 745 2718 Massieni
762 2668 890 2748 spem,
917 2661 1047 2748 neque
1071 2641 1261 2720 uberrima

222 2764 421 2840 doctrinae
442 2763 490 2866 de
503 2763 736 2872 pontificatu
752 2768 913 2844 Messiae
925 2767 1164 2873 expositione
1176 2777 1260 2843 'eoh-

154 2979 159 2994 ,
201 2951 202 2955 ,
220 2887 352 2964 silium
367 2915 390 2963 a
406 2884 715 2966 Christianorum
728 2905 838 2994 parte
855 2891 1065 2968 definiendi
1082 2909 1122 2968 e't
1140 2891 1265 2994 judai-

221 3031 307 3086 cam
328 3011 546 3110 doctrinam
571 3013 832 3120 amplectendi
859 3019 942 3092 ullo
960 3017 1084 3097 modo
1096 3045 1267 3095 eommu-

124 3123 155 3238 ἰ
221 3135 296 3214 tar1
308 3137 370 3212 vel
386 3138 546 3242 reprimi
559 3155 719 3258 poterat
770 3141 869 3217 Nam
884 3141 1124 3220 Christianus
1139 3123 1267 3247 judai-
1282 3159 1285 3168 '

195 3251 198 3256 ’
221 3286 290 3337 cus
303 3262 421 3364 etiam
433 3263 606 3344 Judaens
616 3267 745 3344 fastris
760 3285 924 3371 regnum
934 3269 1173 3348 Meuianum
1186 3295 1266 3346 ore-

72 3368 84 3390 *
142 3399 145 3409 '
222 3359 314 3471 dere
332 3415 378 3464 ac
401 3389 618 3468 doctrinam
635 3391 684 3466 de
697 3391 1177 3504 Messiaepoutiiientu,
1147 3393 1268 3496 siqui·
1295 3463 1297 3470 .

188 3507 196 3516 ’
222 3509 312 3588 dem
334 3522 422 3597 ,ε”ιιιιι
446 3533 560 3595 antea
584 3517 839 3624 probaverat,
856 3523 987 3627 postea
1006 3546 1266 3628 quoquepro-

222 3638 316 3749 bare
340 3656 499 3745 poterat
