2872 4690
736 201 807 282 lto

250 395 506 498 agnoscebant
529 409 567 471 et
593 391 790 479 colebant,
822 391 978 466 Diaboli
1001 409 1136 469 contra
1160 417 1207 466 ex
1231 392 1287 479 iis,

180 555 182 562 s
247 523 318 626 qni
332 523 461 598 Deum
479 519 735 622 agnoscebant
750 513 981 592 accolebant
1000 543 1080 590 non
1100 514 1287 591 Jehovam

246 645 314 722 sed
340 645 569 747 Diabolum,
605 642 716 747 cujus
740 643 845 720 varia
870 641 1136 717 commenticia
1166 643 1287 716 simu-

85 832 87 840 s
151 785 170 820 '·
246 769 350 874 lacra
369 767 504 868 (idola)
521 765 718 842 habebant
735 781 773 840 et
790 766 1084 842 venerabantur.

318 893 351 964 2.
377 889 510 986 Quare
535 891 674 992 siquis
700 917 721 964 a
748 890 913 964 Diabolo
937 889 1144 964 desciscere
1164 904 1283 990 atque

244 1013 287 1086 in
304 1011 472 1088 Jehorae
487 1031 615 1117 partes
635 999 797 1089 transire
814 1015 976 1101 volebat,
1003 1013 1102 1090 nihil
1116 1012 1282 1116 amplius

135 1175 137 1182 >
244 1135 280 1210 ei
296 1135 519 1212 faciendum
537 1153 632 1221 erat,
661 1165 780 1239 quam
797 1155 859 1225 ut,
882 1137 993 1212 cultu
1008 1135 1200 1210 idolorum
1217 1161 1281 1209 re·-

240 1257 356 1362 jecto‚
381 1247 584 1348 dehoram,
609 1287 744 1336 verum
759 1261 905 1348 Deum,
931 1259 1133 1335 dominum
1147 1283 1279 1362 agnos-

241 1399 345 1459 ceret
361 1375 604 1490 coleretque,
627 1411 707 1487 qua
732 1385 812 1488 ipsa
833 1411 874 1459 re
891 1381 1129 1478 addebovae
1151 1399 1278 1488 partes

233 1526 278 1586 ,s'e
303 1509 531 1615 applicabat

311 1637 345 1709 3.
372 1633 489 1731 Quod
512 1633 544 1710 si
566 1632 728 1722 fecerat,
753 1634 981 1734 neutiquam
999 1657 1096 1735 opus
1109 1647 1206 1720 erat,
1231 1647 1277 1707 ut

237 1755 311 1858 legi
343 1757 533 1832 Mosaicac
571 1757 852 1860 obtemperaret
882 1771 921 1829 et
953 1755 1126 1832 Judaeus
1156 1754 1273 1842 fieret,

236 1879 320 1968 sed,
347 1880 556 1957 dummodo
580 1899 785 1986 praecepta
806 1879 1002 1956 Noachitis
1027 1881 1050 1954 i.
1068 1905 1099 1955 e.
1122 1879 1274 1982 gentili-

234 2002 308 2080 bus
344 2003 433 2078 data
473 2005 706 2092 observaret,
744 2004 896 2106 gentilis
923 2029 1079 2080 manere
1112 2019 1271 2108 poterat

235 2125 441 2229 Quidquid
466 2127 571 2202 enim
585 2113 819 2214 discriminis
841 2128 945 2201 inter
958 2127 1040 2232 pios
1057 2127 1217 2230 gentiles
1234 2143 1273 2200 et

232 2249 399 2326 Judaeos
419 2257 517 2341 erat,
543 2280 623 2328 non
639 2253 689 2328 ad
707 2254 929 2355 religionem
949 2254 1015 2330 sed
1031 2253 1082 2329 ad
1095 2251 1270 2358 altiorem
1315 2249 1317 2254 ’

232 2354 427 2452 felicitatis
442 2375 598 2452 fumrae
614 2375 777 2482 gradum
789 2378 994 2482 spectabat.

231 2585 382 2650 otico
422 2581 555 2684 nipe:
599 2557 703 2656 *nbc
743 2565 846 2680 uuo
879 2561 963 2656 bn:
996 2588 1118 2668 into:
1150 2557 1263 2652 naba

227 2705 282 2763 te.
311 2703 379 2764 uon
398 2700 509 2763 arena
525 2724 595 2766 sen·
635 2703 770 2771 amor
798 2677 947 2770 nabao
973 2700 1109 2768 aaut:
1134 2699 1262 2768 sinn:

165 2795 169 2806 ⁴
229 2803 320 2862 tentia
338 2801 504 2864 secundum
519 2803 553 2864 R.
574 2803 703 2884 Eliesar,
722 2819 879 2888 propterea
896 2802 980 2886 quod
988 2807 1260 2866 excommunicatus

227 2919 349 2970 est.....
370 2907 406 2969 ld
422 2907 506 2991 quod
523 2911 669 2992 explicant
685 2915 725 2974 ita
741 2909 939 2974 additamenta
958 2914 987 2972 in
999 2911 1129 2973 Talmud
1145 2925 1174 2974 et
1188 2935 1261 2974 auc-

226 3029 274 3078 tor
291 3015 359 3077 libri
380 2999 498 3078 Aruch:
526 3021 796 3080 excommunicatus
816 3033 875 3099 est,
902 3019 961 3080 boc
979 3013 1084 3082 dicere
1100 3020 1156 3080 sibi
1177 3020 1260 3082 vulta
1343 3027 1345 3036 ⁴

225 3135 307 3185 este
333 3122 483 3206 discipulis
507 3125 629 3186 scholae
649 3126 823 3188 Schammai
863 3125 997 3208 Namque
1020 3127 1074 3188 etsi
1094 3127 1129 3186 n
1146 3126 1259 3188 Eliesar

224 3242 288 3304 erat
311 3219 328 3292 e
347 3227 499 3312 discipulis
519 3231 553 3290 tt
572 3231 726 3294 Jochanau
745 3231 803 3294 beu
825 3232 943 3310 Saccai,
963 3235 1049 3294 sicuti
1064 3235 1208 3296 invenitur
1225 3237 1255 3294 in

225 3349 297 3402 sect
307 3336 344 3416 9,
366 3351 447 3400 tract
461 3337 581 3417 Abotb,
602 3351 631 3402 et
650 3337 753 3402 Raban
769 3338 921 3402 lochanan
936 3339 994 3402 ben
1015 3339 1118 3402 Saccai
1135 3335 1277 3402 edisci-¹

227 3445 304 3526 pulis
319 3443 439 3508 scholae
447 3445 542 3525 Hillel,
562 3448 647 3520 sicuti
656 3449 843 3509 boveritur'iu
854 3429 924 3508 sect.
933 3449 1021 3510 Jesch
1032 3449 1150 3510 nochlin
1164 3455 1256 3529 (tract

226 3552 306 3614 Baba
318 3552 453 3630 hathra),
471 3565 569 3616 tamen
584 3555 712 3616 Gemara
727 3552 867 3617 statutum
877 3553 981 3636 hahet,
1002 3579 1070 3620 eum
1083 3560 1128 3640 [lt
1140 3558 1255 3620 Eliesa-
1281 3623 1284 3630 k

223 3662 299 3742 rem]
317 3661 453 3722 omnibus
474 3665 534 3726 suis
552 3662 651 3725 verbis
670 3666 753 3746 sequi
772 3664 906 3727 scholam
922 3648 1108 3746 Schammai‚
1125 3663 1253 3750 ideoque

222 3771 362 3830 sententia
384 3789 444 3830 non
465 3781 510 3832 est
529 3767 695 3830 secundum
721 3791 790 3833 eum
814 3771 876 3834 ullo
896 3775 926 3832 in
952 3773 1040 3852 loco,
1071 3786 1195 3856 excepto
1216 3797 1253 3835 eo
1379 3786 1382 3791 “

220 3874 309 3949 loco,
328 3877 380 3937 uhi
395 3875 563 3940 declaratur
574 3891 702 3960 apertea
719 3901 837 3961 gemara
853 3927 862 3958 ‚
876 3885 1046 3944 sententiam
1064 3902 1128 3946 esse
1144 3903 1252 3944 secun·

220 3982 293 4044 dum
313 4005 389 4045 eum.
823 4001 825 4008 ’
