2872 4690
735 235 806 300 154
890 279 894 284 =

11 437 12 446 ¹
68 506 75 520 .
130 437 138 465 ι
174 417 239 496 5,5.
253 409 399 514 Moyses
418 411 533 513 igitur
549 412 674 486 solum
689 412 861 482 ministri
876 425 1001 513 partes
1022 433 1135 512 agens
1151 409 1286 486 inDei

250 533 396 614 familia
408 536 514 630 fidus
535 551 624 609 erat„
1274 607 1278 612 .

213 677 239 729 s.
251 659 403 734 Messias
413 685 502 734 vero
513 662 608 758 [fidus
623 661 702 756 erat]
716 675 761 734 ut
763 660 884 754 filius,
901 658 1069 736 familiae
1080 659 1154 733 Dei
1160 685 1284 756 proe-

244 787 375 880 sectus
388 789 521 884 [quippe
534 794 588 884 qui
602 789 712 883 populi
724 791 785 858 Dei
798 791 829 856 in
843 792 962 858 mundo
976 791 1084 856 sutum
1096 813 1150 856 rex
1163 786 1226 882 est]
1238 782 1283 872 ¹³¹,

181 977 185 985 .
298 908 492 1011 adquam
517 910 591 984 Dei
624 909 809 984 familiam
840 911 926 1006 [Dei.
950 909 1126 1006 populum]
1167 909 1281 984 etiam

297 1059 366 1108 nos
386 1033 664 1137 pertinebimus
689 1036 734 1132 [in
750 1039 869 1105 mundo
885 1039 1010 1120 futuro,
1032 1038 1052 1106 i.
1065 1061 1092 1105 e.
1112 1039 1208 1105 etiam
1222 1063 1281 1107 nos

298 1162 384 1249 regni
402 1161 552 1228 Messiani
570 1162 655 1228 ciues
677 1155 823 1252 erimus],
849 1157 884 1224 si
892 1157 1012 1255 fidem
1036 1149 1278 1232 ae‘rvarimus.

251 1285 326 1376 [Per
353 1286 436 1352 hanc
461 1286 651 1354 sententiam
680 1285 719 1352 de
752 1284 869 1351 Messia
898 1283 1093 1352 fideliter
1119 1287 1278 1377 pontificis

248 1417 364 1477 munus
380 1410 527 1492 obeunte,
545 1425 640 1502 atque
651 1409 691 1475 ob
706 1407 891 1476 fidelitatem
905 1409 943 1476 ad
957 1409 1141 1478 imitandam
1156 1411 1215 1477 tid
1224 1435 1279 1477 em

248 1535 470 1626 proponendo,
497 1533 663 1626 scriptura
685 1549 817 1600 tractato
840 1512 1027 1600 redemtorio
1049 1549 1082 1602 et
1105 1535 1278 1625 pontificali

249 1659 385 1728 Messias
409 1681 538 1728 munere
564 1661 603 1726 acl
628 1659 715 1751 prius
738 1659 778 1724 de
802 1659 864 1726 tide
891 1659 1026 1726 tenenda
1051 1658 1203 1750 epistolae
1227 1685 1278 1727 ar-

245 1793 428 1869 gumentum
455 1781 575 1874 rediit]
1424 1869 1425 1878 ἵ

147 1901 336 1976 7-11.Ide0
355 1906 469 2001 [quum
491 1907 553 1974 tale
570 1907 672 1974 fidei
691 1905 870 1998 exemplum
892 1907 985 1974 vohis
1005 1909 1204 2000 propositum
1220 1909 1276 2000 sit]
1340 1891 1345 1903 l

245 2025 276 2100 si
291 2023 406 2101 hodie
422 2031 475 2122 [ut
490 2031 568 2098 dicit
577 2031 656 2122 Spin
669 2048 767 2099 sanct.
783 2032 900 2099 insacr.
912 2035 1018 2124 script.
1029 2033 1077 2099 Ps.
1088 2035 1146 2115 95,
1160 2058 1216 2117 7·¹
1228 2030 1274 2122 u]

246 2149 385 2226 auditis
409 2149 541 2226 uocetn
562 2146 644 2252 ejus
671 2153 748 2245 [Dei
773 2157 938 2224 invitantis
961 2159 1001 2224 ad
1019 2157 1104 2242 regni
1126 2155 1278 2224 Messiaui

301 2445 394 2525 Quod
411 2457 508 2508 autem
524 2448 554 2506 in
571 2447 627 2508 hac
643 2449 878 2528 interpretatione
894 2447 1079 2527 participium
1096 2448 1198 2509 aoristi
1215 2435 1273 2512 καὶ

239 2542 440 2620 vassallus
470 2563 534 2636 (us
552 2567 581 2616 et
591 2559 628 2631 4.)
651 2556 775 2616 nominis
801 2551 972 2614 substantivi
999 2551 1273 2634 (taruennensis)

240 2663 304 2723 vice
313 2663 394 2745 fungi
407 2639 558 2740 (ctiMattlu
569 2685 611 2744 gr.
618 2684 660 2744 gr.
672 2664 692 2741 §.
700 2673 758 2722 270
770 2673 798 2722 et
809 2662 888 2739 570),
901 2673 930 2721 et
943 2663 1093 2743 propriam
1107 2684 1192 2723 suam
1203 2666 1273 2742 vim,

240 2791 298 2852 qua
315 2781 430 2851 tempus
454 2781 606 2852 peractum
631 2767 787 2849 significat,
816 2763 1004 2848 deposuisse,
1031 2769 1273 2854 infinitioremque

239 2875 309 2936 nulli
331 2889 412 2938 certo
433 2880 558 2960 tempori
579 2875 751 2938 adstrictam
770 2878 919 2957 accepisse
939 2875 1081 2954 arbitror,
1103 2879 1143 2937 ita
1162 2889 1196 2938 ut
1211 2855 1278 2950 hocs

238 2984 307 3045 loco
326 2983 373 3046 uel
392 2966 486 3045 'dere'
502 2985 603 3044 futuro
620 2981 741 3044 demum
762 2995 895 3064 tempore
917 2979 1083 3066 peragenda
1102 2995 1270 3066 ustupetur‚

238 3113 363 3174 graecae
387 3091 502 3174 linguae
533 3096 647 3174 ingenio
675 3089 757 3153 haud
788 3094 968 3154 contrarium
990 3113 1053 3154 esse
1081 3092 1197 3154 videtum
1224 3095 1270 3172 (cf.

129 3267 131 3276 s
238 3198 384 3262 Thierseh
405 3221 447 3281 gr.
457 3223 498 3282 gr.
511 3203 531 3282 S.
541 3211 610 3280 291,
627 3202 676 3270 sfi
685 3202 767 3283 sqq).

301 3335 335 3370 ¹³¹
354 3347 662 3429 Haeinterpretutione
672 3347 740 3408 loco
752 3345 821 3408 huic
833 3349 949 3425 (us-6.)
960 3350 1145 3410 vexatissimo
1156 3369 1271 3412 aesone

157 3451 160 3464 ’
237 3454 413 3536 negligenter
432 3467 461 3516 et
481 3455 602 3516 confuse
619 3457 728 3535 scripto
746 3454 873 3535 aliquam
889 3443 987 3515 lucem
1004 3453 1076 3514 mihi
1094 3452 1198 3516 videor
1212 3453 1269 3518 atl-

137 3577 138 3580 ’
237 3563 351 3636 tulisse3
371 3566 402 3624 in
422 3565 456 3624 iis
475 3577 562 3643 certe,
584 3585 659 3646 quae
675 3561 774 3626 adhue
792 3563 915 3626 adeum
930 3561 1137 3644 explicandum
1155 3563 1271 3645 prolata

237 3684 313 3751 suut,
334 3673 520 3753 acquiescere
532 3693 591 3732 uon
604 3675 695 3752 potul
731 3671 924 3732 Nihilominus
942 3674 1094 3734 universae
1111 3693 1269 3753 argumen-

235 3783 337 3840 tationi
353 3783 440 3842 etiam
456 3801 534 3840 nunc
552 3777 663 3862 aliquid
685 3783 781 3842 coacti
795 3793 824 3840 et
837 3784 965 3860 perversi
983 3759 1076 3860 inest,
1096 3777 1179 3861 quod
1189 3778 1270 3842 nulla

204 3917 207 3922 ·
234 3890 469 3968 interpretatione
491 3890 621 3953 amoveri
647 3897 758 3968 potest,
785 3886 880 3968 qualia
904 3899 934 3948 et
958 3889 988 3948 in
1007 3887 1092 3948 Pauli
1108 3889 1223 3970 seriptis
1241 3899 1270 3950 et
1309 3927 1314 3938 =

237 3998 265 4055 in
286 3995 366 4064 libris
384 3995 540 4060 rabbinicis
560 4018 618 4058 non
632 4017 726 4077 pauca
744 3998 934 4058 inveniuntur.
