2856 4694
747 252 793 315 78

325 427 357 500 6.
383 426 504 501 Simul
527 426 640 532 etiam
663 443 785 502 totum
806 427 1012 514 mundum,
1038 429 1188 504 coelum
1207 447 1280 504 ter-

255 587 1280 618 -u——n-nn—n——n—-u-d-

217 690 221 709 ¹
252 687 319 735 tuos
338 687 367 737 et
384 679 551 757 superstites
569 675 714 758 judicium
730 688 873 756 statuunt,
900 699 961 758 quo
982 681 1182 760 tutusquisque
1204 683 1280 742 vitae

251 794 386 862 peractae
410 784 551 844 rationem
574 781 714 862 reddere,
743 805 777 844 ae
800 806 855 866 pro
879 787 983 844 merito
1005 797 1056 845 aut
1074 789 1205 868 praemio
1230 802 1279 850 aut

250 910 345 970 poena
359 890 435 950 allici
449 887 567 962 debean
584 903 648 950 tum
662 894 904 958 resurrectionem
920 914 1038 975 queque
1052 897 1182 954 omnium
1194 917 1278 956 mor-

249 1008 370 1055 tuorum
387 1007 416 1056 et
432 994 612 1058 ludaeorum
632 998 770 1078 [piorum]
794 1011 822 1058 et
845 999 993 1079 gentilium
1015 1000 1191 1086 [hnpiopum]
1213 1001 1277 1061 fore

249 1099 389 1178 credunt,
407 1123 529 1182 eamque
540 1101 656 1184 juditio
677 1103 892 1164 antecedentem
912 1106 1035 1184 faciunt,
1055 1110 1192 1168 nimirum
1209 1099 1278 1187 quia

248 1212 358 1269 mortui
373 1211 454 1289 prius
470 1212 529 1269 vivi
544 1206 707 1269 reddantur
719 1231 838 1272 necesse
854 1223 914 1290 est,
934 1228 1024 1293 quam
1038 1209 1076 1273 de
1086 1215 1120 1272 iis
1131 1211 1276 1294 judicium

248 1317 310 1377 lieri
329 1327 432 1395 potest.
498 1391 500 1398 γ
1208 1315 1209 1322 ¹

307 1423 408 1486 Altera
425 1443 493 1505 pars
510 1426 754 1484 resurrectionem
771 1446 831 1484 non
846 1427 1013 1486 universam
1029 1431 1160 1488 omnium
1173 1427 1273 1488 homi-

247 1552 318 1592 num
342 1543 371 1592 et
392 1531 572 1598 iudaeorum
591 1541 619 1590 et
636 1531 799 1610 gentilium,
822 1529 876 1594 sed
894 1532 990 1593 solum
1008 1533 1187 1596 ludaeorum
1209 1537 1273 1596 fore

247 1643 360 1717 statut,
388 1656 457 1719 ergo
480 1660 574 1720 neque
592 1635 734 1726 judicium
750 1636 789 1699 de
806 1639 940 1700 omnibus
959 1640 1125 1702 hominibus
1142 1643 1274 1703 futumm

246 1769 320 1826 esse,
340 1750 407 1829 quia
425 1750 533 1808 mortui
548 1745 666 1828 gentiles
683 1749 902 1808 resurrectionis
920 1769 979 1808 non
995 1751 1148 1830 participes
1167 1753 1222 1810 sint
1238 1757 1274 1832 (v.

250 1867 357 1917 annott.
371 1865 407 1918 19
419 1868 448 1915 et
459 1860 530 1932 20.);
554 1877 644 1937 quam
661 1855 701 1916 oh
715 1878 779 1918 rem
791 1856 888 1916 soltun
901 1854 945 1934 ,de
964 1857 1129 1927 hominibus
1150 1861 1274 1922 Messiae

45 1961 49 1972 ’
145 2006 148 2014 ¹
249 1964 376 2026 adventu
392 1964 609 2046 superstitibus,
635 1986 670 2025 ac
688 1967 857 2046 praesertim
875 1963 913 2024 de
932 1966 1083 2044 gentilibus
1108 1980 1172 2031 turn
1195 1979 1273 2029 tem-

249 2075 329 2156 poris
353 2085 455 2134 contra
471 2073 608 2153 Messiam
628 2070 739 2132 bellum
759 2069 922 2150 gerentibus
938 2067 1085 2150 judicium
1100 2074 1211 2135 factum
1228 2078 1271 2136 iri.
1302 2127 1308 2132 .

311 2185 410 2243 Tertia
427 2179 465 2241 de
486 2181 531 2240 his
550 2179 638 2240 rebus
657 2179 790 2240 doctrina
807 2183 950 2262 reperitur
966 2183 996 2240 in
1013 2181 1096 2241 Pauli
1111 2193 1140 2242 et
1159 2182 1271 2244 Johan-

247 2292 291 2354 nis
304 2291 418 2371 scriptis
429 2289 458 2365 '(1
469 2286 660 2364 Cor.15,2d;
676 2285 825 2368 Apocffl,
837 2292 883 2364 4.),
898 2290 948 2367 qui
962 2285 1035 2348 duas
1045 2275 1271 2354 resurrectiones

246 2400 358 2458 futuras
385 2417 449 2456 esse
474 2406 616 2472 statuunt,
644 2415 733 2452 unam
758 2391 837 2454 initio
866 2396 947 2474 regni
975 2396 1125 2474 Messiani,
1150 2397 1271 2458 alteram

245 2517 314 2588 post
328 2525 451 2584 regnum
462 2505 639 2563 Messianum
653 2504 734 2563 initio
747 2503 841 2566 ultimi
853 2503 928 2563 illius
942 2505 1023 2588 regui
1036 2505 1084 2581 (cf.
1095 2518 1191 2566 annot.
1203 2510 1269 2585 82),

246 2615 328 2694 cujus
344 2633 397 2672 rex
413 2612 476 2691 ipse
490 2612 570 2670 Deus
587 2612 648 2670 erit.

304 2721 343 2782 At
358 2723 453 2802 prima
468 2719 517 2779 illa
533 2719 659 2800 vulgaris
678 2722 792 2800 opinio,
811 2724 862 2781 etsi
882 2744 898 2782 a
913 2721 1044 2802 plurimis
1059 2722 1204 2800 magistris
1216 2725 1268 2803 ju-

244 2827 335 2890 daicis
358 2828 515 2910 probatur,
535 2848 570 2886 ac
592 2849 652 2888 non
668 2825 768 2908 paucis
786 2828 819 2888 N.
833 2828 867 2888 T.
880 2829 952 2890 loeis
971 2833 1060 2907 inest,
1086 2842 1268 2916 tamencum

243 2947 339 2998 cetera
355 2934 489 2996 doctrina
498 2932 617 3014 judaica
628 2938 746 2996 minime
758 2927 934 3016 congiuere,
952 2939 1043 2997 immo
1058 2939 1084 2997 ei
1096 2961 1112 2998 e
1124 2935 1267 3000 diametm
1297 2991 1299 3000 ,

242 3043 391 3106 adversari
405 3040 527 3125 ridetur.
592 3040 595 3048 ’
1016 3070 1032 3108 e
1063 3062 1068 3076 ⁸

296 3155 428 3213 Primum
437 3155 520 3212 'enim
538 3152 594 3212 tale
611 3149 756 3232 judicium
773 3148 811 3212 de
831 3135 1058 3232 uniuscujusque
1075 3155 1134 3213 vita
1148 3167 1266 3234 peracta

242 3263 338 3322 statim
354 3267 423 3341 post
439 3272 564 3320 mortem
579 3261 650 3337 fieri,
665 3279 764 3320 omnes
783 3281 843 3320 uno
862 3281 913 3320 ore
930 3263 1111 3321 consentiunt
1126 3265 1265 3342 magistri,

143 3428 147 3430 .
240 3368 403 3432 secundum
429 3373 516 3450 igitur
530 3373 578 3456 ⁸in,
591 3381 723 3429 mortuos
746 3367 891 3447 judicium
915 3372 1033 3429 omnino
1045 3380 1133 3430 -esset
1147 3391 1264 3451 super-

239 3477 347 3557 lluum,
372 3481 440 3560 quia
463 3481 584 3558 quisque
608 3480 703 3537 statim
716 3487 794 3559 'post
813 3477 889 3536 hane
909 3480 999 3538 vitam
1014 3499 1069 3558 pro
1086 3481 1195 3538 meritis
1214 3489 1266 3538 aut

164 3615 166 3620 ¹
238 3607 364 3666 poenam
379 3588 414 3644 in
433 3602 540 3665 geenne
563 3580 659 3661 dedit,
687 3596 737 3643 aut
759 3587 920 3672 praemium
938 3587 968 3644 in
986 3582 1123 3665 paradiso
1144 3588 1264 3666 accepit·

240 3696 337 3770 Quam
349 3712 412 3752 rem
426 3689 499 3750 bene
510 3687 624 3750 disserit
640 3689 806 3750 Abarbanel
821 3692 850 3748 in
864 3689 939 3750 libro
959 3711 1027 3754 suo:
1050 3693 1163 3772 Majene
1178 3692 1263 3773 hajea

239 3798 352 3884 sclrueh
365 3845 383 3876 ,,
397 3797 446 3870 fol.
458 3805 507 3875 ts,
525 3797 580 3856 col.
593 3809 606 3856 t
620 3817 686 3879 sqq.
700 3796 744 3856 his
762 3797 872 3858 verbis:
1168 3867 1178 3884 ,A

238 3914 368 4001 ,ptun
407 3913 496 3977 usu
535 3911 635 4000 prm
677 3912 747 3976 ntn
786 3882 941 3976 natue
980 3909 1063 4004 pr:
1097 3914 1162 3982 nn
1203 3913 1263 3978 uu

238 4006 371 4121 *trent
408 4025 500 4096 tn:
535 4029 652 4094 unum
694 4029 816 4096 ursei
854 3997 950 4098 etet
973 4026 1111 4126 vstupu
1146 4027 1262 4097 :utu
