2872 4690
728 247 799 317 rto

137 455 138 462 ¹
228 423 231 437 ’
301 427 514 513 liberationis,
557 430 716 498 societatis
744 431 829 518 regni
856 431 1024 513 Messiani,
1066 431 1104 498 cs.
1130 427 1157 526 ᾗ.
1183 433 1229 498 lb
1251 450 1283 500 et

302 552 329 651 b.
351 557 409 642 re,
435 554 484 646 8.]
510 567 645 628 auctor
666 548 748 626 fieri
767 567 909 656 potest,

90 720 99 742 ,
155 685 241 766 ltro.
303 688 348 747 ut
376 676 441 780 qui
466 702 493 748 a
515 679 602 748 Deo
625 675 846 746 nominatus
870 687 929 744 est
949 677 1130 772 pontifex
1152 701 1283 748 seeun-

301 805 393 875 dum
411 801 583 872 ordinem
597 798 897 872 Melchisedeshi.

192 947 238 997 ¹1.
347 927 408 1000 De
443 951 522 1027 quo
550 921 685 998 ordine
715 919 1030 1010 Melchisedechi‚
1069 922 1285 1014 secundum

352 1075 469 1153 quem
481 1047 634 1123 Messias
648 1045 858 1120 sacerdotio
868 1045 1063 1148 praeditus
1073 1065 1137 1136 est,
1163 1051 1285 1124 multa

351 1175 429 1251 dici
446 1188 621 1279 possunt,
647 1169 713 1248 sed
733 1171 886 1246 difficile
901 1189 957 1246 est
977 1198 1021 1248 ea
1038 1173 1143 1248 vobis
1164 1175 1285 1277 expli-

351 1327 458 1388 care,
493 1298 585 1401 quia
614 1323 743 1401 segnes
772 1295 863 1371 faeti
885 1297 970 1370 estis
992 1296 1043 1372 ad
1067 1298 1284 1400 intelligen-

350 1423 454 1513 dum,
480 1439 519 1498 et
532 1449 655 1525 quum
672 1422 839 1497 debeatis
856 1422 1021 1526 magistri
1040 1449 1128 1510 esse,
1154 1423 1283 1499 denuo

349 1549 534 1644 indigetis
552 1547 813 1636 institutione,
840 1561 1041 1643 quaesunt
1056 1547 1192 1643 prima
1211 1550 1283 1618 ele-

349 1684 480 1744 menta
496 1673 542 1740 de
561 1668 692 1764 effatis
709 1681 748 1738 et
757 1669 1076 1763 promissionibus
1101 1669 1189 1767 (τῶν
1219 1672 1282 1741 λο-

266 1883 269 1890 ¹
348 1794 451 1892 yiott’)
471 1789 506 1827 ¹⁸⁸
518 1795 598 1868 Dei
621 1795 690 1890 [hic
705 1799 926 1890 promissiones
940 1815 973 1866 et
992 1799 1084 1866 effata
1101 1801 1163 1868 Dei
1179 1801 1281 1888 signi-

348 1925 451 2006 ficari,
487 1923 601 2017 quibus
631 1922 818 1988 Patriarchis
840 1937 873 1988 et
897 1915 1040 2013 patribus
1064 1921 1281 1992 liberationem

349 2066 382 2118 et
401 2069 532 2134 regnum
549 2046 743 2113 Messianum
762 2048 1027 2129 annunciaverat,
1054 2065 1092 2115 ut
1110 2050 1145 2116 in
1166 2051 1280 2142 quibus

349 2189 417 2240 tota
428 2173 467 2238 de
481 2168 666 2271 liberatione
679 2184 712 2236 et
725 2192 818 2256 regno
829 2170 988 2238 Messiano
1000 2195 1071 2263 spes
1084 2173 1188 2264 posita
1202 2191 1279 2258 erat,

348 2313 382 2364 et
396 2279 421 2362 a
432 2293 546 2388 quibus
565 2294 757 2384 exponendis
775 2309 808 2360 et
825 2296 1004 2362 enarrandis
1018 2297 1279 2392 primaquaeque

346 2419 507 2488 institutio
521 2416 675 2503 evangelii
682 2418 722 2484 de
735 2418 851 2485 Messia
865 2441 1021 2514 regnoque
1029 2422 1187 2490 Messiano
1199 2424 1279 2490 inci-

307 2625 310 2632 !
344 2567 421 2636 pere
439 2541 573 2624 solebat,
599 2542 655 2607 vix
677 2558 726 2609 est
745 2543 831 2634 quod
850 2566 1011 2627 moneam,
1036 2546 1075 2612 cf.
1091 2542 1116 2641 b.
1135 2547 1198 2630 ld,
1217 2545 1275 2640 a.].

136 2679 236 2762 6,t,2.
347 2664 493 2740 Tamen
509 2664 684 2760 primam
704 2663 813 2734 illam
835 2667 881 2736 de
901 2668 1048 2738 Messio
1068 2668 1279 2738 institutio-

250 2982 316 3052 24).
355 2977 458 3056 Itaque
480 2971 584 3033 melius
610 2969 704 3032 verbo
728 2967 834 3051 saturi
859 2969 906 3030 vel
937 2969 994 3032 alio
1024 2971 1111 3032 simili
1135 2971 1279 3054 redditur,

251 3097 341 3168 quam
361 3081 454 3144 verbo
470 3079 590 3140 aeterni.
630 3081 675 3138 De
697 3080 731 3138 iis
758 3077 831 3138 locis
847 3076 896 3136 hio
915 3099 974 3138 non
995 3081 1057 3158 agi,
1084 3080 1137 3142 ubi
1156 3082 1281 3145 verbum

249 3187 366 3257 uicerim
381 3211 441 3250 non
459 3199 573 3269 tempus
589 3187 723 3247 fumnrm
738 3183 792 3246 sed
805 3187 993 3267 praeteritum
1007 3189 1156 3268 signifieat,
1175 3209 1280 3272 reapse

248 3311 335 3382 pates
375 3298 535 3359 cranaos
556 3299 623 3355 140.
806 3275 809 3282 ’

308 3473 343 3510 ¹³⁸
362 3476 499 3557 Vulgaris
519 3484 547 3534 et
563 3470 687 3552 simplex
704 3471 747 3532 vis
765 3468 926 3533 verborum
942 3473 1001 3537 reis
1018 3473 1146 3560 λογίων,
1168 3473 1278 3557 effato.

248 3608 334 3665 mm,
355 3583 559 3657 oraculorum,
586 3599 705 3640 sensum
720 3577 876 3641 sententiae
896 3583 1014 3642 minime
1033 3581 1200 3662 perturbat,
1219 3589 1278 3666 igt-

248 3709 298 3756 tur·
312 3691 404 3755 rerba
420 3710 527 3751 vexare
543 3667 662 3748 necesse
674 3707 734 3746 non
747 3697 798 3746 est
829 3687 995 3748 Genitivus:
1016 3688 1072 3752 teir
1085 3691 1205 3777 λογίων,
1214 3719 1216 3724 ’
1225 3695 1278 3774 qui

249 3823 268 3862 a
288 3798 380 3862 verbo
407 3799 553 3889 στοιχεῖω
577 3791 700 3874 pendet,
717 3795 884 3874 genitivus,
914 3797 967 3876 qui
990 3791 1114 3877 dicitur,
1151 3797 1277 3880 objecti-

247 3928 303 3970 vus
330 3904 402 3982 mihi
430 3924 493 3966 esse
519 3898 636 3962 videtur
664 3912 694 3962 et
719 3900 861 3982 particula
884 3897 1194 3984 demutandus.
1209 3971 1213 3979 ,
1231 3907 1275 3968 ct

246 4015 351 4078 Wrner
361 4013 521 4075 Grammut
531 4005 584 4073 des
594 4007 1050 4091 neutesument1.8prachtdioms
1066 4010 1144 4093 §.Q
1157 4024 1182 4074 1.
1192 4035 1220 4096 p.
1229 4022 1275 4078 ts.
