2856 4694
620 275 627 288 ·
670 230 719 296 δῦ

176 407 372 514 peccando
404 432 444 482 se
478 399 758 480 contaminavit.
789 404 1010 506 impuritate
1046 391 1212 500 Diaboli,

174 535 402 636 priusquam
419 531 752 608 inhabitationem
768 529 988 606 animarum
1003 533 1123 636 recipi
1143 561 1211 638 po-

175 677 260 748 test,
280 658 437 762 purgari
452 681 602 732 necesse
619 656 744 732 hahet.
766 659 819 764 'In
835 679 953 756 quem
969 653 1087 732 finem
1098 681 1212 762 supe-

172 785 253 860 rior
268 785 340 861 illa
353 785 433 860 orci
449 783 551 888 regio
568 784 609 858 in
628 782 724 858 duaa
745 781 864 858 divisa
881 797 937 856 est
951 799 1095 884 partes,
1117 784 1211 860 alte·

150 929 157 938 ’
173 937 257 984 ram
272 909 383 984 alteri
399 907 601 982 exadverso
615 907 728 980 sitam
742 905 856 1007 eique
864 903 1114 1008 adjacentem,
1132 907 1211 983 exi·

67 1107 69 1116 ,
172 1021 246 1135 guo
278 1029 545 1108 tantummodo
574 1029 696 1133 spatio
726 1029 829 1104 inter
847 1045 1062 1132 utramque
1091 1031 1210 1106 inter·

172 1157 271 1260 jecto
285 1151 316 1229 ¹⁶.
346 1157 515 1231 Alteram
529 1181 651 1258 purae
665 1154 817 1230 animae
831 1151 1069 1242 inhabitant,
1091 1155 1211 1232 altem

173 1276 381 1384 purgandis
395 1279 556 1382 impuris
572 1278 709 1353 animis
724 1277 912 1352 destinata
929 1295 992 1352 est
1021 1279 1130 1354 Prior
1143 1280 1210 1356 illa

168 1430 269 1516 pars,
286 1431 406 1506 quam
428 1408 560 1520 1791&
589 1400 821 1503 paradisum,
841 1417 1084 1504 nuncupant,
1103 1402 1210 1478 locut

173 1657 293 1727 niani
354 1655 518 1719 tinne-t
568 1653 655 1722 aa:
707 1654 873 1732 'sanas
921 1655 1017 1722 nia:
1064 1629 1210 1723 transt

170 1775 224 1834 re.
245 1773 323 1834 ven
339 1782 369 1831 a
384 1767 459 1830 aa.
519 1765 632 1834 ..rim
672 1767 764 1832 aas
801 1746 962 1832 ernasti
1003 1739 1061 1834 *is
1098 1767 1210 1839 :irin

173 1879 233 1937 Itto
251 1886 396 1936 momento
413 1877 551 1959 temporis
566 1875 641 1944 filius
659 1874 785 1944 hominis
803 1874 949 1934 rationem
965 1876 1071 1940 reddet
1087 1900 1212 1960 operum

175 2007 308 2063 suorum,
315 1996 472 2066 amequam
479 1987 543 2044 exit
552 2005 568 2044 e
578 1983 694 2046 mundo.
705 1983 757 2044 Ille
764 1981 827 2044 dies
835 1981 898 2046 dies
905 1998 949 2046 est
954 1987 1074 2046 rationis
1080 1983 1211 2048 redden-

123 2135 137 2162 ..
174 2091 246 2172 dae,
272 2114 332 2174 quo
353 2089 401 2152 die
415 2103 569 2182 corpuset
589 2093 684 2152 anima
698 2093 843 2152 rationem
856 2089 983 2159 reddent
1000 2091 1137 2171 (Hatra,
1148 2099 1212 2168 22).

170 2203 279 2262 Postea
302 2204 398 2262 anima
416 2217 450 2262 'se
471 2199 509 2261 ab
526 2223 561 2262 eo
582 2201 611 2280 [a
631 2201 768 2281 corpore]
792 2202 929 2282 sejungit3
944 2207 981 2264 'et
1001 2223 1111 2283 corpus
1132 2201 1211 2264 redit

169 2311 199 2370 in
217 2321 337 2388 terram,
359 2321 388 2370 et
399 2307 632 2391 unumquodque
655 2305 733 2368 redit
753 2311 783 2368 in
799 2330 887 2370 suum
898 2309 1009 2389 locum,
1025 2310 1106 2372 unde
1124 2334 1209 2374 sum·
1252 2319 1258 2340 ‘

168 2431 232 2479 tum
252 2431 311 2489 est;
332 2439 426 2500 usque
444 2416 485 2478 ad
500 2421 657 2479 temanum
674 2417 774 2496 iilum,
795 2439 885 2500 quem
905 2395 1113 2481 sanctissimus
1130 2441 1207 2482 con·

169 2527 261 2586 stituit
285 2536 320 2585 ut
334 2527 444 2586 mortui
460 2527 652 2604 reviviscant,
673 2527 771 2586 omnia
787 2523 872 2611 apud
887 2544 918 2586 se
933 2538 1071 2589 reservat.
1109 2527 1207 2610 Atque

170 2613 318 2693 eonstiterit
343 2631 564 2710 sanctissimus,
591 2644 624 2692 ut
645 2631 706 2692 hoe
727 2630 808 2694 idem
831 2654 940 2716 corpus
967 2655 1087 2714 verum,
1117 2647 1206 2718 atque

169 2739 243 2800 haee
258 2736 361 2800 eadem
374 2741 470 2798 anima
483 2760 554 2799 vera
567 2741 598 2798 in
611 2735 756 2800 mundum
769 2736 885 2817 redeat,
903 2753 936 2800 ut
953 2743 1018 2822 sint,
1035 2745 1112 2804 sicut
1122 2755 1205 2804 antea

169 2848 301 2926 fuerunt,
325 2843 365 2907 ad
386 2842 587 2908 renovandam
604 2845 711 2906 faciem
728 2844 839 2906 mundi
868 2845 907 2908 Et
926 2845 1000 2909 haec
1019 2851 1115 2910 anana
1135 2871 1205 2912 vera

168 2968 315 3018 reservata
339 2967 384 3016 est
409 2951 491 3036 apud
519 2954 747 3016 sanctissimum
787 2953 884 3036 Atque
913 2957 953 3015 ita
982 2954 1059 3018 redit
1086 2959 1204 3038 [anima]

167 3061 314 3123 inlocum
331 3083 418 3122 suum
433 3085 490 3144 pro
511 3065 624 3124 ratione
641 3083 710 3142 sua,
731 3065 807 3123 sicut
823 3059 1009 3125 dictumest:
1030 3064 1069 3124 Et
1086 3067 1203 3150 spiritus

87 3151 91 3160 ¹
166 3167 274 3232 redibit
291 3167 332 3232 ad
345 3163 521 3247 Dominum,
536 3171 588 3250 qui
605 3190 674 3230 eum
689 3165 772 3232 dedit
791 3169 967 3246 (Ecclesiast.
980 3169 1029 3250 12,
1042 3175 1085 3247 7.).
1107 3173 1112 3180 ”

225 3345 248 3380 ²⁸
267 3335 365 3398 Jaltut
381 3335 549 3412 Schimoni,
566 3335 652 3395 Tom.
663 3335 704 3414 11,
719 3334 883 3414 Koheleth,
901 3335 951 3398 fot
964 3345 1037 3415 186,
1054 3337 1154 3400 eolat:

165 3448 269 3520 aaut
282 3449 347 3542 iar
360 3449 393 3538 μ
406 3445 493 3515 sa:
508 3431 668 3520 maan:
681 3446 767 3516 sin
781 3446 919 3544 ,trapa
933 3447 1054 3518 amr
1070 3451 1129 3516 m
1147 3424 1201 3518 ¹72
1313 3451 1317 3459 ’

166 3540 268 3636 tnta
289 3566 390 3669 „inge
406 3563 521 3633 snm
536 3558 569 3632 ’π
594 3561 750 3644 ,aaran
765 3567 815 3632 rr
834 3566 921 3636 nm
939 3561 1058 3635 anai·
1072 3565 1200 3633 nimi

164 3687 181 3744 i.
193 3705 216 3744 e.
237 3683 353 3766 Omnia,
373 3699 449 3764 quae
465 3685 575 3744 creavit
591 3683 805 3762 sanctissimus,
825 3687 934 3746 creavit
971 3683 1071 3750 ,ΠΙὮ
1098 3678 1201 3770 Dm

164 3813 258 3853 unum
281 3790 364 3852 alteri
382 3811 419 3852 ex
438 3787 579 3861 adversm
602 3793 713 3852 creavit
730 3787 905 3854 Paradisum
925 3804 956 3854 et
976 3793 1084 3852 creavit
1102 3793 1201 3855 Geen-
1278 3781 1281 3788 ⁴

164 3915 248 3971 nam3
269 3909 298 3960 et
315 3908 457 3980 quantum
476 3901 560 3978 spatii
581 3899 655 3958 inter
676 3917 727 3960 eos
745 3900 882 3960 interest?
908 3899 942 3960 R.
960 3897 1089 3962 Chanina
1109 3897 1201 3966 dixit:

163 4011 259 4088 paries
274 4005 406 4086 palmum
420 4006 478 4066 lata
497 4007 544 4082 (cf.
554 4006 624 4066 Luc.
636 4003 685 4083 16,
699 4013 737 4065 19
748 4009 827 4086 sqq).

605 4131 609 4134 .
1038 4123 1087 4187 ὅ,
