2856 4694
633 225 783 294 95·

133 403 200 504 (cf.
219 421 348 482 annot
367 405 446 504 ct).
485 407 620 508 ltaque
634 432 758 508 quum
775 432 889 482 nemo
911 407 976 496 sit,
1002 409 1169 514 quinon

133 653 230 746 rura
265 624 336 722 lar
385 622 519 721 ,nani
557 651 891 724 :inconuulsa
929 656 1043 728 rursu
1079 639 1168 749 prm

133 769 252 835 aruo
286 739 416 850 siaul
449 768 581 858 parua
607 771 701 862 uras
723 765 832 864 prm
857 769 1013 864 pintan
1038 775 1167 866 rtrum

135 888 256 956 «ΝΜΟ
274 887 380 952 lll'lssl
400 883 488 956 ml
511 888 616 956 lllllfl
639 889 752 983 l'lplll
777 889 897 968 ,ΚΜ
918 889 1031 958 ΊΗἾΝἾ
1052 894 1168 958 R'lllll

133 991 186 1050 ic.
209 988 401 1048 Factum‘est
416 999 514 1048 autem
531 985 663 1068 quodam
680 987 743 1084 dic,
770 1011 863 1071 quum
880 993 1024 1052 venissent
1038 993 1088 1054 filii
1103 997 1168 1074 Dei,

132 1111 167 1158 ut
185 1108 293 1158 starent
311 1107 415 1156 contra
431 1095 602 1171 Dominum,
621 1095 699 1154 venit
715 1097 802 1155 etiam
819 1096 938 1158 Satanas
955 1099 1030 1160 inter
1047 1121 1099 1160 eos
1114 1113 1167 1161 etc.
1291 1163 1293 1171 ,

134 1204 249 1288 (soba,
262 1208 303 1281 1.).
323 1205 357 1264 R.
376 1203 490 1264 Elisser
509 1201 677 1284 explicavit:
697 1205 819 1264 Factum
837 1217 881 1264 est
895 1203 1025 1287 quodam
1042 1205 1101 1280 die,
1118 1207 1167 1268 hic

132 1325 179 1378 est
192 1313 254 1375 (lies
270 1315 339 1374 novi
355 1315 431 1390 anni,
448 1334 508 1394 quo
524 1313 728 1374 Sanctissimus
742 1326 800 1375 stat
813 1327 842 1373 et
850 1313 965 1394 judicat
978 1313 1168 1376 mundum.....

134 1425 232 1502 Quum
251 1419 471 1512 venuscmfllii
486 1420 558 1499 Dei,
582 1420 614 1480 hi
633 1433 704 1482 sunt·
717 1425 816 1502 magui
832 1426 1006 1503 praepositi,
1029 1423 1116 1504 legati
1136 1428 1167 1486 in

132 1545 243 1595 terram
267 1527 307 1590 ad
327 1527 512 1590 observanda
533 1551 623 1610 opera
643 1531 771 1590 filiorum
790 1530 951 1592 hominum.
997 1531 1035 1594 Ut
1054 1544 1167 1594 starent

133 1651 240 1699 contra
257 1636 414 1697 Dominum
422 1681 523 1696 ........
529 1678 541 1707 ,
566 1645 634 1696 narn
655 1635 697 1695 illi
721 1637 822 1716 legati,
848 1641 900 1718 qui
919 1631 987 1700 suit
1009 1642 1167 1720 praepositi

134 1743 324 1808 observandis
347 1744 484 1826 operibus
502 1745 631 1805 filiorum
650 1745 820 1824 hominum,
843 1745 964 1823 abeunt,
985 1757 1014 1806 et
1029 1745 1165 1817 volitant;

105 1857 109 1872 '
134 1867 165 1917 et
182 1855 330 1935 excipiunt
346 1856 443 1914 omnia
456 1853 505 1914 illa
523 1875 620 1934 opera.
641 1853 738 1935 Atque
753 1853 803 1914 illo
822 1851 883 1932 die',
903 1874 963 1936 quo
974 1851 1166 1932 judicium'lit

134 1936 174 2023 all
190 1958 414 2042 dijudicandum
433 1957 595 2038 mundum,
619 1961 692 2020 fiunt
709 1973 894 2022 accusatores
917 1971 1005 2042 atque
1024 1962 1166 2021 exsistunt

133 2081 236 2130 contra
247 2067 321 2128 filios
338 2067 498 2130 hominum.
519 2069 559 2128 Et
579 2072 645 2130 veni
665 2089 701 2129 ac
719 2067 794 2130 vide.
814 2071 868 2129 Ex
884 2069 1016 2129 omnibus
1031 2047 1166 2151 genlibus

133 2189 231 2241 terrac
244 2195 353 2236 corrui
367 2197 479 2235 rucuru
492 2187 582 2246 stant,
599 2178 662 2257 ejus
676 2196 770 2258 opera
781 2176 977 2248 observantes,
992 2176 1051 2236 nisi
1060 2187 1166 2236 contra

132 2286 210 2344 solos
230 2283 404 2355 israelitas,
428 2283 500 2364 quia
520 2280 637 2340 laisum
650 2281 719 2363 filii
739 2283 928 2344 Sanctissimi.
958 2283 1004 2344 Ac
1023 2286 1048 2344 si
1074 2305 1165 2364 opera

133 2393 247 2454 Israelis
271 2415 331 2452 non
352 2393 420 2454 talia
441 2394 603 2470 inveniunt,
626 2391 723 2473 qualia
749 2413 814 2453 esse
834 2389 933 2469 decet,
948 2424 990 2438 -
1005 2393 1031 2451 si
1052 2391 1095 2450 fas
1120 2403 1166 2452 est

133 2497 241 2576 (licere,
257 2498 299 2558 illi
312 2499 471 2580 praepositi
483 2499 578 2578 legati,
591 2518 683 2578 quum
698 2509 775 2558 stant
788 2510 890 2559 contra
904 2521 994 2580 opera
1006 2499 1056 2558 illa
1067 2500 1164 2560 Israc-

133 2606 178 2685 lis,
197 2619 300 2666 contra
317 2607 586 2685 Domintunipsum
601 2615 677 2664 stant
696 2605 815 2686 [quippe
833 2607 884 2686 qui
903 2603 991 2687 caput
1008 2617 1052 2666 cst
1063 2609 1165 2688 partis,

132 2737 151 2776 a
167 2737 227 2797 qua
245 2713 391 2776 Israelitae
408 2713 504 2792 stantl.
534 2711 610 2772 Nam
632 2714 658 2771 si
675 2710 821 2772 israelitae
839 2733 928 2793 opera
943 2713 1070 2792 faciunt,
1088 2735 1165 2794 quae

131 2845 190 2884 non
201 2833 269 2883 sunt
282 2833 364 2882 recta
382 2821 491 2899 mm),
510 2821 536 2879 si
549 2821 593 2879 fas
605 2831 649 2878 est
658 2817 765 2897 dicere,
782 2821 956 2880 imminuunt
965 2821 1059 2882 robur
1069 2822 1164 2882 Sanc·

131 2933 313 3001 tissi1n13siu
339 2931 449 2990 faciunt
468 2949 559 3009 opera
582 2939 663 2989 recta
690 2931 807 3006 0120),
834 2925 905 2988 daut
928 2931 990 2989 vim
1013 2949 1049 2988 ac
1070 2927 1164 2990 robur
1241 2987 1245 2992 ,

131 3038 327 3098 sanctissimo.
346 3037 392 3097 Ac
410 3034 449 3098 de
464 3035 524 3098 hoc
541 3038 743 3118 scriptumest
760 3037 815 3116 (Ps.
826 3035 878 3116 68,
889 3039 961 3112 35.):
979 3039 1054 3098 Date
1068 3036 1163 3105 robur

130 3145 203 3205 Deo.
233 3145 303 3221 Quo
323 3143 433 3224 pacto?
454 3142 616 3225 Operibus,
637 3163 714 3224 quae
733 3156 814 3205 recta
831 3156 900 3206 sunt
923 3148 1031 3230 0272).
1061 3145 1163 3227 Itaque

128 3251 178 3332 illo
194 3249 242 3312 die
257 3272 358 3311 omnes
380 3253 478 3332 magni
496 3253 654 3332 praepositi
675 3273 707 3313 sc
729 3263 905 3333 congregant
931 3265 1032 3336 contra
1054 3254 1162 3312 Domi-

127 3383 206 3421 nuna
230 3359 340 3418 Contra
349 3357 515 3428 Dominum,
530 3379 600 3416 nam
614 3379 707 3438 quum
722 3370 824 3418 contra
836 3358 978 3418 israelitas
992 3380 1022 3419 se
1034 3380 1161 3439 congre-

126 3459 210 3549 g‘ant,
233 3478 336 3528 contra
351 3486 420 3526 eum
436 3485 469 3524 se
486 3475 669 3544 congregant
694 3465 739 3524 Ac
752 3464 829 3524 venit
842 3465 930 3524 ctiam
942 3464 1071 3546 Satanas
1085 3466 1161 3526 inter

20 3609 23 3626 ι
126 3595 183 3635 eos.
208 3575 310 3634 Etiam
331 3573 571 3655 [scriptumest],
591 3571 632 3633 acl
649 3595 717 3635 eum
736 3576 865 3654 praecis
883 3569 1067 3653 augendum
1092 3594 1161 3634 nam
1286 3603 1293 3616 κ

36 3733 40 3742 ,
126 3701 228 3742 omnes
247 3679 367 3762 quidem
387 3691 542 3758 venerunt,
561 3691 595 3740 ut
608 3680 708 3742 fierent
724 3692 910 3742 accusatores
925 3692 1027 3741 contra
1042 3680 1159 3741 Israeli-

124 3800 186 3866 tas,
210 3785 265 3849 sed
284 3777 340 3850 ¹hic
363 3788 458 3866 major
480 3798 524 3848 est
547 3787 699 3865 omnibus,
729 3789 798 3867 cpia
817 3799 862 3848 est
878 3785 993 3849 delator
1013 3791 1158 3850 maximus

124 3898 256 3956 omnium
269 3907 356 3976 atque
369 3907 592 3958 accusator.....
623 3897 721 3977 Atque
740 3895 789 3956 illo
808 3894 857 3958 die
869 3908 947 3957 stant
967 3893 1044 3958 duae
1060 3909 1158 3979 partes

125 4001 164 4064 a'd
180 3999 368 4086 excipiendos
384 4003 460 4066 filios
480 4001 590 4066 mundi
622 4006 798 4086 Quicunque
817 4007 896 4067 venit
910 4026 1012 4068 coram
1028 4009 1157 4069 Domino
