2856 4694
752 201 874 311 oss

92 429 95 438 ’
219 453 230 488 ³
248 426 381 503 ‘malos
401 403 607 529 gentesque
630 440 751 498 terrae
785 425 884 527 (Gog
906 441 945 498 et
964 421 1148 528 Magog⁵²)
1174 451 1291 529 oppo-

257 552 427 626 siturum
440 574 527 635 esse,
545 546 643 621 duce
656 547 824 648 quodam
838 573 923 650 rege
939 547 1151 624 adversario
1166 549 1292 647 (Anti-

263 675 415 761 Massia,
441 672 726 758 Anti-Christo,
751 665 967 771 Armillo>⁵³.

336 804 368 878 3.
394 801 580 904 Tempora
600 797 674 872 hoc
694 798 874 885 ultimum
894 797 1041 872 bellum
1059 797 1291 900 praeceden-

262 930 315 1006 tia
344 928 457 1030 eique
481 925 657 1026 aequalia
679 923 907 998 atrocissima
929 922 1080 1010 futura,
1113 923 1290 996 omnibus
1333 1001 1337 1010 r

258 1053 382 1152 ¹civilis
409 1051 596 1136 societatis
632 1067 671 1124 et
698 1050 931 1124 familiarum
958 1046 1122 1124 vinculis
1148 1045 1290 1131 solutis

258 1175 407 1280 quippe
427 1199 557 1247 omnes
573 1172 746 1246 homines
767 1173 815 1246 ab
838 1173 1019 1246 alterutra
1041 1186 1149 1274 parte
1168 1172 1289 1244 statu-

260 1325 331 1374 ·ros.
376 1297 481 1393 Quos
503 1295 706 1370 nominant
728 1294 874 1368 dolores
904 1289 1063 1392 (ω’δῑνες)
1089 1295 1246 1368 Messiae
1258 1279 1288 1365 ⁵⁴.

260 1424 330 1498 'His
344 1420 527 1524 angrutiie
547 1419 714 1493 Jehovae
737 1419 899 1493 cultores
925 1418 1010 1492 ideo
1033 1419 1287 1521 pressum'iri,

262 1696 353 1757 homo
370 1693 440 1755 olim
455 1692 572 1752 exsistet
586 1691 615 1749 in
629 1689 687 1750 hoc
700 1688 823 1768 mundo,
835 1688 942 1752 eadem
957 1691 1052 1751 forma
1064 1690 1104 1750 ibi
1122 1713 1190 1752 eum
1204 1712 1283 1759 esse;

257 1796 292 1868 et
307 1807 332 1864 is
348 1802 501 1862 thesaurus
518 1799 685 1860 nominatur
701 1797 790 1878 Guph
809 1799 904 1878 [quasi
920 1797 1090 1878 claustrum]
1110 1801 1286 1868 animarum3

157 1925 161 1946 ¹
225 1947 227 1954 v
259 1925 292 1974 et
311 1911 383 1973 alter
403 1907 574 1985 thesaurus,
595 1906 664 1966 huic
682 1927 718 1966 ex
738 1904 863 1966 adverso
885 1910 972 1984 situs,
996 1929 1097 1967 earum
1117 1919 1160 1968 est
1175 1909 1288 1968 anima-
1334 1922 1338 1930 ·
1389 1947 1396 1958 .

259 2041 345 2095 rum,
368 2018 493 2098 quaein
517 2010 629 2073 mundo
657 2013 773 2072 fuerunt
795 2024 881 2092 atque
904 2013 997 2092 legem
1019 2027 1194 2095 exsequutae
1220 2028 1287 2074 sunt

260 2122 425 2208 {paradisus
446 2119 596 2202 superior}

192 2289 195 2300 Α
321 2243 334 2304 ἡ
350 2228 446 2306 Idem,
467 2226 517 2288 fot
529 2238 583 2302 72,
600 2244 664 2304 pag.
677 2235 710 2302 1,
729 2245 791 2304 cap.
804 2223 843 2283 18
859 2222 961 2286 docet:

85 2338 88 2348 ’
151 2389 153 2394 s
264 2320 396 2412 isan*
433 2341 536 2406 *orn
576 2311 630 2406 aa
666 2338 778 2400 nrm
816 2340 889 2406 iun
928 2338 1028 2408 :uu
1066 2340 1149 2437 nup
1191 2344 1285 2412 nno
1352 2350 1357 2356 ·
1424 2273 1425 2298 l

264 2463 306 2553 ro
342 2459 376 2525 'n
416 2458 505 2526 nso
545 2427 656 2518 aas&
696 2424 738 2520 ri
777 2454 874 2518 rum
911 2455 1070 2524 namon
1109 2459 1284 2532 norror

263 2581 363 2650 inas
403 2575 489 2640 nno
529 2571 604 2641 non
642 2568 744 2636 aro:
785 2570 906 2638 anum
933 2539 1108 2650 ,niman
1147 2574 1284 2640 ornan

263 2701 312 2758 ie.
329 2696 448 2755 Certum
463 2701 508 2752 est
524 2700 553 2749 et
565 2685 684 2747 tinnum
703 2700 731 2748 et
746 2681 850 2748 rerum
864 2709 971 2749 secun·
1002 2656 1147 2757 ,nium
1173 2671 1294 2760 Ἶῆκῆ,

263 2804 336 2866 dum
357 2797 522 2862 doctrinam
544 2799 675 2859 omnium
695 2799 866 2878 sapientium
883 2799 1013 2877 Israelis,
1036 2800 1161 2858 animam
1181 2821 1285 2882 puram

263 2911 326 2974 dari
348 2909 458 2972 homini
477 2929 495 2968 a
514 2906 642 2966 Domino
662 2927 679 2965 e
698 2904 785 2965 coelis
807 2909 903 2987 primo
923 2909 1113 2987 generationis
1134 2923 1283 2972 momento

261 3025 292 3084 in
308 3033 408 3082 ventre
426 2998 542 3093 matris,
570 3019 723 3095 antequam
743 3013 909 3094 egrediatur
929 3018 958 3102 in
976 3036 1071 3078 aerem
1093 3013 1201 3098 mundi.

323 3129 367 3209 [In
380 3123 504 3188 eundem
516 3125 603 3201 igitur
614 3119 747 3198 modum,
760 3143 819 3204 quo
833 3124 944 3182 animae
956 3143 1034 3183 mere
1047 3121 1205 3202 humanae,
1218 3145 1284 3185 ma·

259 3239 332 3318 joris
349 3255 466 3316 quoque
483 3229 591 3291 ordinis
607 3231 812 3311 diviniorisque
825 3243 944 3290 namrae
959 3234 1074 3310 spiritus
1093 3255 1129 3292 ex
1147 3238 1286 3295 sententia

263 3341 442 3406 tudaeomm
452 3341 634 3418 generatione
647 3359 714 3396 cum
726 3357 850 3417 corpore
861 3339 997 3418 conjungi
1010 3351 1130 3423 poterat.
1150 3342 1232 3402 Hane
1245 3341 1284 3404 de

262 3447 480 3535 praeexistentia
490 3457 519 3504 et
528 3443 618 3504 limbo
630 3446 790 3502 animarum
800 3440 964 3504 doctrinam
973 3446 1059 3504 etiam
1067 3445 1105 3506 ab
1114 3449 1284 3529 antiquiori-

263 3561 318 3622 bua
332 3549 509 3624 Christianae
522 3551 661 3612 ecclesiae
673 3553 816 3630 magistris
828 3550 982 3631 probatam
993 3553 1091 3631 fuisse,
1107 3567 1210 3617 notum
1222 3558 1284 3638 est]

321 3705 345 3740 ⁸²
363 3711 394 3775 Β
405 3711 471 3772 Chr.
483 3731 546 3792 pag.
558 3719 740 3770 too-202.

322 3864 345 3897 ⁵³
358 3847 503 3947 ‘achat
515 3877 558 3930 ιθ.
578 3867 783 3927 cinewette
795 3841 978 3946 nunogm.
990 3867 1086 3946 §.soa

317 4015 339 4049 ‘⁴
359 4026 388 4084 B.
396 4021 466 4084 Chr.
476 4023 497 4099 ς.
510 4030 554 4081 13.
575 4021 617 4082 Ci
626 4021 671 4078 De
682 4019 780 4081 Wette
790 4017 860 4078 bibl.
871 4020 976 4102 Dogm
988 4025 1008 4102 ς.
1021 4033 1085 4086 197.
