2872 4690
531 267 533 270 -
631 223 701 288 1⁷5

216 403 218 407 ’
245 422 343 490 tum,
365 397 473 504 quod
491 399 572 474 reri
597 397 768 478 coelestis
787 397 892 502 adyti
914 402 1179 487 tantummodo

244 527 448 632 imaginem
463 523 641 613 referret,
661 524 729 600 sed
744 524 788 602 in
803 525 930 629 ipsum
943 551 1179 602 rerum-coe·

243 653 336 728 leste
362 651 523 754 adytum
544 649 634 727 iniit
660 650 830 738 Messias,¹
860 665 906 726 ut
925 649 1181 730 intercederet

237 803 309 880 pro
328 770 449 852 nobis
462 773 569 878 apud
583 775 714 850 Deum
732 771 935 876 [ef.2,18.];

193 897 357 1000 [Denique
375 904 417 971 ad
430 925 543 972 vocem
564 903 686 972 semel
705 905 949 988 demonstratur,
962 909 1026 972 'cur
1041 906 1179 977 Messiae
1271 929 1279 940 ·

185 1026 255 1094 'non
267 1025 386 1119 pluries
400 1049 434 1093 se
445 1027 618 1122 sacrificare
631 1039 759 1094 necesse
772 1020 892 1123 fuerit]
1261 1113 1264 1123 ι

191 1173 263 1220 nec
287 1171 376 1221 vero
400 1161 446 1219 ut
465 1145 610 1249 pluries
635 1144 822 1248 [piaculum]
851 1173 891 1222 se
911 1137 1065 1226 offerret
1081 1151 1175 1241 De0‚
1215 1161 1255 1250 9,’

189 1273 248 1346 uti
265 1257 450 1344 terrestris
463 1270 645 1374 pontifex,
666 1273 736 1373 qui
750 1273 877 1348 alieno
894 1276 1081 1378 sanguine
1097 1277 1177 1354 sin·
1188 1260 1285 1335 ²⁵²²⁶·

9 1406 46 1486 {a
106 1470 108 1476 ,
189 1395 288 1498 gulis
311 1395 423 1472 annis
447 1395 492 1468 in
512 1395 673 1497 adytum
695 1396 787 1484 init,
814 1396 882 1472 sed
906 1404 1021 1471 semel
1038 1401 1080 1476 in
1099 1402 1176 1480 fine

188 1519 305 1623 hujus
322 1520 405 1594 aevi
429 1521 476 1618 [i'n
494 1527 625 1616 adytum
642 1524 778 1596 coeleste
795 1524 893 1620 iniit],
916 1511 1176 1629 semetipsum

191 1637 385 1721 victimam
408 1645 585 1735 oderem,
650 1704 653 1708 -

188 1771 246 1845 uti
266 1769 416 1844 homini
437 1772 551 1840 semel
567 1785 622 1843 est
642 1768 903 1856 moriendum,
928 1797 973 1845 ac
995 1787 1080 1847 tum
1099 1790 1174 1850 sta-
1187 1806 1233 1855 27.

192 1887 260 1967 tim
277 1919 407 1996 poena
428 1892 641 1994 [judiciojam
654 1900 687 1967 in
706 1915 866 1967 momento
882 1899 1038 1968 moriendi
1050 1902 1095 1969 -de
1114 1904 1174 1972 ho·
1225 1981 1227 1985 ,

190 2023 274 2090 mine
294 2023 423 2106 habito,
447 2025 485 2092 cf.
503 2020 528 2119 p
549 2027 613 2108 11,
634 2041 672 2108 4,
700 2041 807 2092 annot.
827 2030 867 2092 15
879 2051 888 2107 3
921 2027 960 2092 cf.
976 2044 1083 2095 annot.
1103 2023 1172 2124 77.]

184 2142 219 2216 ei
236 2142 368 2231 instat,
395 2142 498 2244 [nulla
517 2149 652 2241 amplius
674 2151 714 2216 de
730 2121 867 2242 peceatis
889 2151 1012 2218 actione
1028 2147 1173 2249 hahita];
1231 2235 1232 2240 γ

186 2265 238 2340 ita
260 2266 375 2340 etiam
392 2267 546 2341 Messias
566 2251 681 2340 semel
698 2294 737 2344 se
756 2267 984 2345 sacrificavit
1002 2271 1053 2346 ad
1071 2275 1172 2350 redi-
1186 2304 1231 2356 aa.

186 2385 326 2467 menda
340 2392 552 2468 multorum
565 2411 722 2495 peccata
742 2393 838 2496 [etz
857 2420 910 2482 14,
931 2393 1010 2494 15.]‚
1030 2413 1174 2476 aetum
1252 2485 1258 2494 x

185 2505 358 2618 absoluta
382 2534 420 2591 et
440 2518 602 2620 seposita
629 2519 734 2593 omni
764 2518 1000 2622 deposcatis
1023 2523 1173 2626 actione

189 2637 346 2740 [absoluta
362 2661 396 2714 et
410 2648 549 2738 seposita
566 2649 651 2714 omni
667 2642 870 2744 expiatione],
890 2645 1015 2719 solum
1030 2646 1080 2720 ad
1096 2651 1173 2721 effi·
1273 2653 1274 2656 '
1319 2689 1326 2708 ‹

190 2763 365 2838 ciendam
382 2767 544 2840 salutem
568 2765 814 2868 [liberationem⁷
836 2783 869 2840 et
884 2775 925 2840 ad
942 2797 1070 2861 regnum
1083 2779 1173 2846 Mes·
1272 2849 1275 2855 f
1316 2848 1320 2857 x

188 2892 313 2959 sianum
334 2894 609 2980 constituendum,
638 2897 675 2962 cf.
690 2893 715 2990 p.
731 2898 786 2977 19,
803 2901 821 2960 8
840 2913 873 2963 et
886 2893 911 2992 §-
925 2901 981 2980 15,
1001 2894 1045 2995 1.]
1069 2924 1171 2972 reve-

159 3051 161 3060 *
191 3013 279 3086 niet.
929 3108 930 3111 Ἴ

241 3135 325 3236 [Jam
342 3141 439 3228 igitur
463 3147 613 3212 transitus
630 3147 730 3212 factus
751 3163 800 3214 est
817 3147 858 3214 ad
879 3151 1074 3216 tractandam
1088 3150 1169 3218 alte-

238 3291 304 3335 ram
318 3271 596 3354 argumentationis
612 3287 744 3361 partem‚
762 3295 824 3364 qua
836 3273 969 3362 probare
985 3272 1056 3339 vult
1069 3276 1180 3366 scrip-=

238 3408 297 3475 tor,
312 3383 406 3460 etiam
418 3396 487 3485 ipsa
500 3395 665 3487 piacula
678 3398 801 3488 pristini
814 3399 900 3488 pacti
910 3388 1049 3462 invalida
1060 3391 1170 3479 missa
1277 3427 1279 3436 ’

122 3540 125 3546 ·
236 3515 367 3611 soloque
380 3543 465 3587 novo
478 3536 571 3611 pacto
588 3523 756 3611 perfectam
770 3523 913 3614 praeberi
931 3517 1168 3618 expiationem]

188 3614 232 3716 b.
259 3635 371 3736 [Quod
384 3649 446 3734 jam
459 3647 499 3711 ad
515 3647 605 3736 ipsa
619 3646 784 3742 piacula
800 3649 923 3728 attinet,
940 3647 959 3712 i.
970 3671 996 3713 e.
1007 3647 1047 3712 ad
1062 3649 1167 3754 ritus
1183 3665 1265 3743 10‚1.

120 3767 124 3777 ’
189 3766 289 3832 divini
306 3766 409 3833 cultus
423 3762 694 3863 piacularem]
708 3792 832 3865 quum
845 3769 903 3836 fex
921 3762 987 3863 [vel
999 3769 1167 3858 pristinum

150 3893 155 3899 ’
187 3883 328 3984 pactum]
370 3887 489 3962 solam
520 3889 697 3962 umbram
716 3887 939 3963 futurorum
975 3885 1174 3965 bonorum*

120 4047 122 4054 ·
188 4033 314 4111 neque
326 4001 426 4084 heec‘
435 4009 513 4113 ipsa
534 4008 579 4110 [t.
592 4039 672 4108 quae
686 4018 726 4082 ad
739 4018 772 4099 9,
790 4043 843 4103 tt,
862 4039 900 4082 12
918 4011 1039 4113 annot]
1056 4043 1165 4117 prae·
1277 3999 1282 4004 ι
