2872 4690
623 307 626 310 .
640 245 710 313 159

155 425 255 498 vitae
269 420 483 497 communie
494 421 576 496 ullo
587 421 700 496 modo
714 399 951 506 immutabat,
965 441 1082 520 quem
1094 443 1192 494 nora
1250 411 1256 423 ’
1307 493 1311 502 ,

156 545 267 622 Pauli
284 543 459 619 doctrina
474 543 651 620 funditus
666 543 866 620 evertebat
1070 537 1072 542 ’

231 675 264 744 2.
291 671 389 746 Nam
418 667 624 760 Christiani
649 668 795 772 judaici
820 669 1024 743 maximam
1045 681 1194 770 partem
1306 697 1307 703 ¹

59 843 61 848 ·
154 795 443 898 hierosolymae
459 811 736 870 commorantes
759 821 839 872 non
857 794 982 868 solum
994 791 1195 896 judaicum

80 969 81 972 =
158 921 327 994 Jehovae
344 921 495 996 cultum
509 921 551 995 in
569 923 711 1026 templo
724 919 1070 1023 Hierosolymitano
1090 943 1196 993 exer-

160 1045 316 1132 cebant,
338 1045 546 1146 omniaque
562 1071 668 1120 sacra
687 1061 725 1120 et
744 1045 993 1120 caerimonias
1013 1039 1195 1147 judaicas,
1310 1092 1315 1104 ι

159 1169 316 1243 sabbata
331 1185 369 1242 et
380 1165 459 1246 dics
473 1167 596 1258 festos,
610 1169 761 1278 pascha,
775 1185 1023 1274 pentecosten
1037 1183 1106 1244 eto.
1115 1191 1194 1240 una

95 1300 102 1306 “
161 1290 1197 1394 cumJudaeiscelehrabant,quaeresnotiorestquam

160 1433 206 1492 ut
223 1416 315 1490 locis
339 1415 544 1494 laudandis
568 1415 851 1493 demonstretur
866 1441 1019 1490 necesse
1033 1415 1097 1502 sit,
1130 1413 1198 1488 sed

78 1552 83 1603 ἰ
162 1538 629 1641 εῐὶαω-ἰηοοωῐηὶιηὶνὶῐᾶ
640 1540 1199 1643 nullumeratlegisMosaicae

160 1683 426 1768 praeceptum,
459 1665 567 1768 quod
591 1693 673 1741 non
695 1667 947 1742 observarent.
988 1663 1198 1765 Faciebant

88 1827 91 1840 ι
162 1790 204 1862 in
220 1790 362 1892 templo
377 1791 621 1895 quotidianas
632 1792 870 1898 precationes
884 1791 925 1864 in
939 1791 1020 1898 lege
1030 1789 1197 1864 Mosaica
1223 1863 1227 1868 .

162 1926 384 2018 praeceptas
402 1899 500 2012 (Act
509 1920 600 2003 9,,46
610 1947 620 2009 3
637 1923 671 2004 5,
686 1915 744 2012 r.)‚
763 1914 936 2016 religiose
947 1913 1200 1987 observabant
1268 1933 1270 1936 ’

165 2019 370 2112 discrimen
399 2038 502 2152 inter
524 2067 623 2150 pura
648 2055 688 2114 ct
714 2037 884 2147 impura,
921 2063 1050 2139 neque
1074 2037 1199 2111 solum

165 2161 266 2236 cirea
284 2161 387 2235 cibos
410 2162 506 2261 (Act.
519 2171 575 2252 to,
597 2179 659 2258 1¹43
678 2172 734 2252 ll,
749 2165 796 2263 1),
820 2162 887 2262 sed
903 2163 1023 2236 etiam·
1034 2162 1076 2235 in
1096 2155 1199 2236 com·
1219 2163 1224 2227 ἶ
1324 2176 1327 2180 ’

35 2339 38 2349 .
158 2272 306 2359 ¹meroio
320 2271 420 2392 cuni
444 2285 651 2387 gentilibus
678 2287 1003 2386 (Gat.e‚12,1a)‚
1032 2287 1084 2360 ita
1107 2301 1153 2360 ut
1176 2315 1198 2360 a

162 2410 282 2484 Paulo
291 2427 377 2522 post
388 2409 572 2510 ultimum
584 2409 666 2519 ejus
680 2391 874 2486 eGraecia
887 2410 1056 2486 reditum
1070 2435 1200 2514 posce·
1314 2421 1316 2430 ’

164 2549 268 2621 rent,
303 2549 348 2608 ut
368 2533 585 2609 secundum
610 2551 813 2639 praecepta
839 2537 929 2640 legis
956 2536 1147 2613 Mosaicae
1177 2563 1198 2608 a

114 2655 123 2673 ⁴
164 2656 422 2733 sacerdotibus
443 2653 646 2765 intemplo
666 2659 860 2734 sacrificiis
878 2661 1019 2734 etaliis
1038 2659 1202 2764 judaicis

166 2783 301 2857 ritibus
314 2782 576 2886 piacularibus
591 2785 640 2858 ab
654 2785 924 2886 inquinatione
940 2811 961 2858 e
974 2775 1206 2860 commercio,

167 2935 257 2982 cum
280 2908 487 3010 gentilibus
518 2925 714 2987 contracta
738 2933 777 2982 se
799 2909 957 3018 purgari
983 2907 1202 2983 etlustrari

168 3049 321 3138 curaret
342 3033 437 3132 (Act.
449 3039 508 3121 st,
528 3063 570 3122 19
582 3035 693 3134 sqq),
718 3049 756 3106 et
773 3057 817 3106 ea
834 3033 915 3136 ipsa
931 3059 972 3106 re
987 3057 1096 3106 suam
1111 3029 1203 3134 legis

167 3141 354 3236 Mosaicao
367 3159 620 3232 reverentiam
632 3157 916 3232 demonstraret·
925 3157 972 3254 (v.
985 3157 1068 3256 aa).
1095 3155 1202 3252 Quid
1280 3229 1285 3244 Ι

168 3281 322 3355 multa?
362 3283 471 3355 Inter
498 3281 732 3360 Christianos
761 3278 934 3384 judaicos
964 3297 1003 3356 et
1036 3280 1204 3356 Judaeos

95 3411 98 3417 '
169 3421 321 3508 praeter
340 3433 462 3480 unam
484 3406 533 3480 de
555 3409 647 3481 Jesu
669 3406 806 3483 Massia
832 3406 1070 3510 opinionem,
1102 3430 1203 3507 quae

134 3575 138 3583 ι
169 3529 211 3602 in
222 3539 377 3608 externa
391 3531 492 3604 vitae
508 3530 789 3609 consuetudine
802 3531 903 3608 nihil¹
912 3529 1100 3614 mutabat,
1123 3540 1202 3602 om-

169 3653 263 3728 nino
288 3653 387 3728 nihil
410 3670 493 3728 erat
513 3652 800 3758 discrepantiae.
888 3721 889 3726 ,
1087 3638 1097 3652 ’

104 3847 106 3852 ,
187 3758 193 3769 ’
245 3780 277 3850 3.
304 3780 444 3853 Contra
472 3805 515 3853 ea
545 3777 750 3854 Christiani
774 3777 887 3852 Pauli
907 3776 1203 3851 doctrinamse-
1325 3870 1326 3881 ἵ

170 3909 331 4000 quentes
348 3899 399 3975 ad
421 3902 643 4006 religionem
663 3899 858 4004 judaicam
880 3917 918 3974 et
930 3899 1096 3974 Jehovae
1121 3899 1202 3972 cul-

172 4040 255 4099 tum
274 4051 314 4100 se
334 4027 581 4130 applicabant
599 4027 775 4130 quidem,
801 4051 970 4128 namque
989 4021 1121 4098 eadem
1142 4052 1202 4098 ra·
1236 4073 1240 4082 ι
