2856 4694
436 285 441 306 .
563 207 723 280 msa

181 415 262 464 una
284 377 428 464 familia
457 389 783 492 patriarcharum,
816 411 899 468 tum
923 421 1024 468 unus
1051 397 1218 498 populus

180 515 306 588 Israel.
334 515 488 588 Ceterae
507 515 746 617 septuaginta
767 533 896 618 gentes
916 533 1037 592 terrae
1051 518 1126 590 Dei
1144 546 1217 592 nu·

84 726 93 734 *
180 657 269 712 m'en
286 667 366 718 nou
390 657 628 740 agnoverunt
643 667 771 742 neque
793 642 1012 730 coluerunt,
1041 641 1108 718 sed
1123 642 1216 716 Dia-

172 765 267 840 ,bolo
283 763 433 838 deditae
448 781 567 850 erant,
588 765 639 839 ita
654 782 700 839 ut
712 766 871 868 singulis
885 767 1062 868 gentibus
1075 768 1215 870 singuli

179 913 224 960 ex
243 890 483 990 septuaginta
502 891 610 964 malis
632 891 775 992 angelis
800 908 1033 994 praeessent,
1065 893 1134 994 qui
1154 919 1215 968 ea-

94 999 97 1006 *
178 1043 265 1088 rum
279 1015 345 1088 Dii
363 1015 625 1110 nominantur.
651 1019 708 1090 lta
723 1015 921 1103 Diabolus,
940 1015 1063 1091 multo
1079 1016 1214 1116 majori

177 1139 380 1216 hominum
395 1163 556 1214 numero
571 1142 773 1243 imperans,
795 1168 925 1216 revera
944 1137 1122 1215 dominus
1140 1157 1213 1214 ter-

177 1293 326 1353 rarum,
351 1293 417 1340 rex
427 1265 545 1370 hujus
563 1266 700 1341 mundi
718 1283 783 1340 est
812 1265 947 1360 Quum
964 1294 1053 1342 vero
1069 1267 1212 1342 Diabo-

176 1391 237 1467 lus
255 1377 465 1468 acerrimus
483 1407 577 1466 esset
594 1392 669 1464 Dei
690 1391 942 1479 adversarius,
966 1407 1095 1494 gentes
1117 1415 1213 1492 quo·
1235 1447 1240 1466 .

135 1579 136 1588 ,
175 1545 252 1619 que
283 1519 449 1592 Diabolo
480 1517 632 1591 deditae
647 1529 650 1536 “
663 1496 853 1617 populum
884 1516 977 1603 Dei,
1013 1516 1212 1602 I'sraelitas,

174 1637 355 1718 omnibus
368 1637 491 1716 modis
506 1649 705 1726 vexarent,
729 1655 844 1742 atque
860 1637 1088 1742 ubicunque
1105 1657 1212 1744 pote-

162 1755 267 1859 rant
289 1768 570 1883 opprimerent,
600 1791 752 1840 necesse
773 1781 863 1838 erat.
894 1765 953 1838 Ex
973 1793 1049 1866 qua
1072 1767 1210 1866 cogita-

178 1891 283 1964 tione
318 1919 405 1965 acre
435 1892 535 1966 illud
567 1889 807 1988 Judaeorum
841 1889 883 1962 in
916 1905 1047 1992 gentes
1082 1886 1212 1963 odium

179 2029 305 2086 ortum
325 2027 388 2088 est.

246 2111 283 2224 §-
302 2139 365 2213 tt.
400 2141 506 2215 Haec
534 2167 664 2214 rerum
698 2150 914 2212 creatarum
945 2139 1141 2242 corruptio
1167 2165 1212 2212 ex

172 2280 281 2365 parte
297 2263 466 2370 quidem,
487 2280 677 2376 quatenus
692 2261 743 2338 ad
756 2263 926 2338 animam
939 2263 1116 2366 pertinet,
1137 2280 1210 2338 sta·

172 2387 241 2460 tim
267 2403 351 2490 post
373 2387 540 2461 hominis
567 2404 731 2462 mortem
759 2385 962 2487 corrigitur
983 2389 1025 2460 in
1051 2413 1208 2490 geenne,

172 2512 311 2612 inqua
336 2540 466 2587 omnes
486 2491 630 2600 sordes,
666 2513 808 2614 quihus
830 2511 1017 2588 Diabolus
1039 2514 1207 2588 animam

172 2635 462 2722 contaminavit,
489 2637 678 2712 delentur.
721 2637 794 2711 Sed
813 2638 1031 2712 universam
1051 2664 1207 2740 quoque

172 2775 295 2832 terrae
305 2761 576 2862 'corruptelam
595 2777 796 2862 totumque
810 2759 966 2834 Diaboli
984 2763 1124 2836 ineam
1140 2762 1207 2836 do·

170 2883 338 2992 minium
355 2883 483 2971 delere
502 2884 728 2986 aliquanda,
755 2888 862 2960 Deus
883 2887 1009 2960 statim
1030 2904 1116 2990 post
1137 2887 1207 2960 ho-

71 3077 80 3086 .
127 3024 135 3037 ‘
167 2993 324 3112 minum
346 3008 497 3110 lapsum
519 3008 704 3096 decrevit,
730 3009 858 3110 ipsum
879 3007 1003 3083 filium
1025 3009 1076 3084 ad
1092 3009 1207 3113 perfi-
1248 3103 1254 3110 ι

164 3131 348 3206 ciendam
372 3131 474 3206 hanc
503 3132 642 3206 mundi
664 3132 878 3235 populique
906 3133 980 3207 Dei
1005 3133 1205 3216 eDiaboli

169 3257 330 3358 imperio
347 3257 613 3329 liberationem
634 3253 836 3330 destinans.
875 3257 945 3330 Cui
964 3257 1047 3331 voci
1066 3258 1205 3332 libera-

172 3379 283 3483 tionis
310 3379 406 3454 haec
426 3381 490 3452 'est
516 3377 720 3452 tribuenda
745 3377 818 3452 vis:
851 3393 1000 3483 tempus
1026 3378 1205 3456 futurum
1237 3399 1241 3406 '

161 3485 258 3593 esse,
273 3533 366 3612 quo,
386 3503 551 3577 DiaBolo
567 3530 637 3606 per
654 3503 779 3578 filium
794 3505 869 3579 Dei
884 3505 983 3579 victo
998 3532 1042 3580 ac
1057 3503 1204 3580 mundo

107 3842 129 3875 „
169 3758 365 3856 omum
412 3738 521 3855 &aa
571 3784 703 3866 rann
751 3783 849 3852 tau
896 3786 1045 3880 poma
1096 3725 1203 3856 ints

168 3890 234 3948 te..
256 3889 374 3948 Primus
395 3887 486 3948 homo
515 3891 605 3948 causa
629 3891 683 3948 fuit
710 3892 812 3950 mortis
836 3891 970 3950 ominbus
995 3895 1119 3968 posteris
1141 3896 1200 3954 suis

148 3995 216 4072 v(cf.
236 3994 363 4097 Romuli,
386 4007 438 4064 ¹23
466 3993 630 4086 tCor.15,
650 3996 711 4068 21).
738 4015 741 4022 ¹
