2872 4690
711 211 782 276 159

237 381 418 482 [Messian]
450 388 626 491 respicite
660 393 862 484 [imitandum
883 391 974 462 vobis
997 395 1180 486 proponite,
1207 415 1270 488 qua

238 515 271 580 in
293 519 351 581 rei
376 517 409 582 in
430 517 515 606 lide
533 514 707 606 habenda]

115 659 121 686 t
157 639 329 718 mnam
352 633 436 708 Deo
450 637 555 730 fidus
572 652 672 723 erat,
695 635 800 711 sicut
818 639 972 732 Moyses
1000 633 1099 710 fidus
1121 652 1203 710 erat
1227 637 1269 710 in

238 773 315 831 tota
335 755 417 859 ejus
434 763 526 854 [Dei]
541 759 687 834 familia
696 755 730 788 ¹²³
756 762 792 852 [4
810 759 1044 852 Mos.12,7.],

235 883 334 984 quin
350 896 459 982 tanto
475 889 623 984 majore
640 885 832 977 [fidelitatis]
847 884 978 976 gloria
991 885 1100 977 [laude
1113 877 1214 982 δόξῃ]
1224 879 1269 978 ¹²³,

235 1003 399 1092 fruitur,
418 1033 535 1108 quam
548 1006 711 1109 Moyses,
730 1020 872 1102 quanto
890 1011 1076 1106 mojorem
1091 1007 1271 1099 dignita-

238 1143 314 1200 tem
328 1129 472 1230 (τιμὴν)
484 1129 523 1218 is,
539 1131 608 1232 qui
623 1131 809 1205 familiam
825 1131 1007 1221 instituit,
1023 1156 1115 1233 prae
1126 1129 1270 1206 familia

235 1248 353 1326 babet
363 1257 398 1348 [i.
410 1283 436 1325 e.
447 1283 522 1350 prae
533 1281 580 1339 eo,
595 1260 650 1352 qui
661 1261 701 1324 ad
709 1253 862 1338 familiam
874 1258 1031 1350 pertinet;
1047 1281 1121 1325 nam
1130 1261 1273 1350 Moyses,-

237 1372 297 1448 etsi
312 1382 458 1466 familiae,
474 1381 593 1474 populo
609 1383 681 1464 Dei,
692 1395 844 1472 praeerat,
862 1367 966 1448 tamen
980 1384 1021 1448 ad
1030 1382 1189 1465 familiam,
1205 1384 1227 1449 i.
1240 1405 1267 1450 e.

238 1506 279 1572 ad
296 1507 402 1598 ipsum
420 1507 575 1600 populum
589 1504 793 1598 pertinebat}
1000 1588 1002 1596 y

199 1633 227 1688 ⁴·
285 1623 382 1699 Nam
397 1652 657 1730 unaquaeque
674 1625 819 1701 familia
836 1623 1051 1700 instituitur
1065 1625 1114 1704 ab
1129 1627 1271 1730 aliquo.

84 1737 91 1748 ’
287 1751 405 1842 [Igitur
418 1757 480 1823 Dei
503 1781 629 1851 quoque
650 1753 767 1824 familia
792 1754 840 1846 (v.
859 1754 908 1846 3.)
931 1757 951 1824 i.
968 1780 994 1824 e.
1017 1780 1089 1848 pars
1105 1758 1185 1841 Dei,
1211 1781 1272 1850 po-

236 1958 330 2021 modo
345 1959 537 2024 fundamento
547 1943 651 2042 utitur,
672 1967 701 2024 in
716 1986 776 2045 quo
790 1985 900 2025 novam
916 1963 955 2026 de
969 1967 1139 2046 pontificatu
1148 1969 1273 2029 Messias

237 2080 374 2131 exstruat
416 2073 505 2152 Cujus
528 2070 680 2134 doctrinae
697 2094 735 2132 ne
750 2075 904 2153 vestigium
921 2059 1041 2154 quidein
1059 2077 1088 2132 in
1101 2073 1183 2133 libris
1199 2074 1272 2133 rab·

236 2175 339 2238 binicis
356 2185 485 2261 reperire
502 2183 593 2262 potui
632 2182 758 2262 Propria
779 2184 867 2262 igitur
883 2183 1020 2262 scriptori
1038 2183 1075 2240 sit
1090 2199 1208 2240 necesse
1219 2191 1270 2239 est

295 2315 330 2351 ¹²⁸
348 2309 430 2382 Hanc
446 2320 530 2383 verbi
549 2315 628 2385 aiano
648 2321 886 2400 significationem
902 2319 962 2379 hoc
983 2319 1051 2378 loco
1065 2321 1150 2378 unice
1170 2338 1271 2379 veram

235 2445 315 2505 esse,
345 2449 381 2488 ex
401 2411 498 2490 verbis
522 2427 729 2510 sequentibus:
756 2423 835 2489 καθ’
860 2423 923 2489 ἕσαν
947 2423 1072 2487 πλείονα
1091 2415 1181 2510 rapit
1203 2417 1271 2505 ’ἕχει

234 2534 301 2597 τοῦ
331 2540 433 2600 οἴκου
457 2523 607 2598 evidenter
624 2545 752 2616 apparet.
802 2533 918 2594 Etenim
938 2533 1034 2611 major
1051 2527 1192 2610 dignitas,
1213 2552 1271 2613 qua

234 2643 356 2702 Messias
369 2664 440 2723 prae
449 2645 554 2724 Moyse
567 2645 683 2720 fruitur,
697 2663 756 2701 non
771 2638 915 2720 probatur
929 2623 1159 2718 argumentando
1171 2664 1178 2696 :
1190 2639 1272 2698 Mes·
1297 2681 1301 2688 ‹

234 2751 308 2808 siam
321 2751 464 2828 majorem
483 2769 547 2810 esse
571 2749 637 2808 sola
654 2745 752 2816 domo,
774 2748 803 2804 in
817 2767 876 2826 qua
893 2747 1011 2826 Moyses
1028 2741 1104 2804 fidus
1126 2757 1197 2824 erat,
1219 2742 1272 2806 sed

234 2857 264 2914 in
275 2857 410 2935 Moysem
428 2860 525 2938 ipsum
543 2860 682 2918 sententia
697 2856 841 2916 referatur
864 2855 993 2916 necesse‘
1001 2867 1053 2933 est,
1073 2851 1104 2914 id
1122 2851 1205 2936 quod
1217 2853 1272 2914 ali·

238 2975 283 3023 ter
301 2963 363 3024 lieri
384 2987 443 3026 non
460 2979 573 3049 potest,
594 2970 650 3027 nisi
668 2965 727 3026 hac
745 2965 828 3026 verbi
845 2959 923 3027 aimo
940 2965 1182 3044 interpretatione.

296 3111 331 3145 ¹²⁹
347 3101 416 3176 llic
441 3140 528 3179 verus
556 3119 643 3199 hujus
671 3117 731 3178 loci
758 3137 860 3178 sensus
885 3135 949 3177 esse
975 3113 1099 3176 videtur.
1139 3115 1273 3178 Verbum

236 3219 319 3324 llige
346 3227 483 3286 usitatam
507 3229 612 3286 retinet
630 3225 868 3306 significationem
890 3223 1030 3306 gloriae,
1062 3221 1168 3282 laudis.
1210 3221 1273 3283 Sub

236 3349 296 3412 qua
309 3329 402 3410 gloria
415 3333 546 3414 gloriam
554 3334 716 3416 fidelitatis
729 3333 907 3420 subintelligi
920 3329 1045 3410 debere,
1066 3334 1274 3394 sententiarum

157 3493 163 3498 .
235 3441 403 3518 conjunctio
416 3438 512 3504 (locet
543 3444 613 3526 Sola
629 3444 772 3525 particula
785 3440 848 3529 γαὲς
862 3425 1065 3502 difficutatem
1076 3452 1184 3517 movet,
1205 3441 1278 3521 quia,

235 3545 318 3608 nullo
332 3557 421 3628 pacto
436 3553 557 3631 propria
572 3551 633 3628 ejus
653 3552 697 3610 vis
718 3551 748 3608 in
768 3548 824 3608 bac
842 3549 1049 3609 sententiarum
1066 3547 1271 3626 conjunctione

236 3653 337 3716 lo'eum
363 3655 473 3718 babere
494 3669 607 3738 potest,
641 3678 734 3738 quum
758 3654 889 3716 secunda
915 3657 1053 3718 sententia
1073 3650 1274 3734 gradationem

239 3763 345 3842 prioris
361 3763 503 3826 exhibeat.
524 3763 568 3824 Ne
584 3775 682 3823 tamen
696 3764 781 3822 nimis
797 3761 873 3836 banc
886 3760 1060 3842 particulam
1073 3780 1193 3840 urgeas;
1215 3781 1274 3819 non
1336 3749 1338 3760 '

238 3856 317 3930 mro
329 3871 503 3950 scriptorem
519 3865 665 3948 ejusmodi
682 3868 831 3950 particulis
849 3879 878 3928 et
896 3869 1027 3948 inprimis
1045 3866 1188 3948 particula
1208 3862 1274 3950 yale

240 3973 417 4056 negligenter
430 3996 517 4038 usum
535 3995 599 4037 esse
617 3976 760 4056 reperies,
781 3975 818 4034 cf.
830 3971 868 4052 4,
891 3964 982 4052 33'7,
1003 3981 1048 4034 26.
