2856 4716
721 199 724 206 ¹
762 231 836 316 'era

355 433 389 504 3.
415 431 618 533 Flagrante
635 429 709 502 hoc
725 444 863 522 mutuo
879 430 1049 533 partium
1063 429 1152 505 odio
1167 433 1334 508 nullum

280 556 382 629 inter
414 581 475 629 eas
502 553 585 628 fieri
608 554 776 658 potuisse
806 553 1030 628 litterarum
1047 558 1331 664 commercium

280 681 394 756 ultro
407 696 522 784 patet.
564 681 698 782 Igitur,
707 679 893 754 Paulinae
911 680 1030 782 partis
1050 681 1174 756 socius
1192 681 1243 756 ad
1259 681 1331 785 ju·

155 811 162 840 ”
279 801 408 879 daicos
432 803 665 880 Christianos
688 805 832 912 litteras
854 803 945 878 dare
966 833 1047 880 non
1069 807 1215 910 potuit,
1246 809 1327 882 uisi
1401 885 1402 890 ,

279 947 348 1006 aut
363 927 541 1004 nondum
557 944 643 1002 orto·
660 945 729 1002 aut
743 926 821 1030 jam
833 929 1045 1032 ⁴composito
1061 929 1135 1003 hoc
1154 927 1323 1006 dissidio.

350 1052 384 1127 4.
412 1051 502 1149 Quo
525 1069 695 1154 tempore
717 1051 917 1128 dissidium
940 1052 1041 1128 illud
1062 1051 1237 1129 nondum
1257 1083 1323 1130 or·
1401 1045 1402 1138 }

161 1169 166 1176 ¹
279 1193 362 1254 tum
383 1195 481 1266 erat,
509 1175 668 1280 epistola
690 1177 830 1280 scripta
854 1202 931 1250 esse
951 1204 1031 1288 non
1055 1193 1196 1280 potest,
1224 1181 1320 1282 quia

173 1283 175 1290 Α
277 1303 392 1408 plura
410 1305 453 1377 in
472 1329 516 1378 ea
534 1301 678 1376 indicia
696 1295 913 1406 posterioris
928 1303 1197 1406 Apostolorum
1215 1322 1321 1379 aeta-
1390 1287 1394 1296 ¹

278 1427 323 1501 tis
340 1419 484 1502 insunt
496 1425 558 1526 (cf.
579 1427 721 1500 Bleekii
740 1427 966 1530 Einleitung
984 1428 1031 1526 in
1045 1426 1121 1507 den
1138 1428 1247 1502 Brief
1264 1457 1321 1506 an

276 1551 338 1628 die
354 1554 543 1639 Hehrder,
564 1553 590 1654 l
602 1563 660 1638 93,
673 1579 709 1660 p.
720 1565 810 1646 [2333
826 1543 870 1626 ¹et
886 1553 933 1626 de
949 1553 1080 1629 Wette
1091 1552 1320 1658 Einleitung

275 1677 318 1750 in
340 1675 406 1750 das
420 1675 462 1748 N.
479 1675 533 1761 T„
555 1675 581 1774 l.
596 1681 677 1761 rot,
689 1701 734 1777 ¹p.
746 1679 845 1771 306.)
855 1707 865 1768 3
889 1675 990 1750 illud
1004 1703 1095 1778 vero
1114 1677 1316 1753 dissidium

181 1879 185 1888 ,
273 1799 352 1902 jam
370 1799 499 1903 priore
520 1799 736 1902 Apostolica
758 1817 881 1877 aetate
906 1807 1034 1877 ortuin
1059 1828 1136 1910 esse
1161 1829 1316 1878 necesse

274 1941 344 2012 est,
370 1951 494 2030 quum
510 1919 593 2024 ejus
611 1950 691 1998 non
709 1925 871 1999 obscura
893 1927 1045 2030 vestigia
1065 1927 1319 2004 inveniantur
1401 1929 1402 1940 ’

273 2050 316 2124 in
330 2047 488 2152 epistola
503 2047 612 2121 Pauli
627 2047 679 2122 ad
689 2045 844 2123 Galatas
857 2077 961 2128 anno
976 2049 1057 2124 fere
1071 2057 1117 2126 56
1133 2080 1168 2155 p.
1178 2051 1264 2126 Chr.
1274 2083 1314 2127 ῃ.

273 2173 371 2249 data.
411 2172 540 2268 Quam
560 2171 610 2244 ob
635 2198 717 2246 rem
740 2173 918 2276 plerique
941 2175 1213 2278 interpretum,
1243 2181 1316 2282 qui
1401 2209 1402 2298 p

207 2384 210 2390 1
271 2299 437 2373 Paulum
462 2313 658 2383 auctorem
678 2297 861 2400 epistolae
882 2323 960 2373 esse
977 2315 1137 2402 putant,
1164 2327 1247 2376 eam
1268 2303 1313 2376 in
1401 2309 1402 2394 j

272 2421 383 2497 Pauli
413 2403 648 2523 captivitate,
677 2421 738 2496 vel
769 2421 887 2532 paulo
908 2440 993 2526 post
1022 2425 1204 2528 scriptam
1232 2451 1313 2501 esse
1401 2401 1402 2484 l

242 2567 437 2628 ,censent
468 2579 477 2598 ’

196 2697 212 2708 ·
338 2649 451 2760 §6AE
483 2682 515 2750 1.
540 2677 615 2752 Sed
632 2669 875 2778 judaicorum
891 2673 1194 2751 Christianorum
1216 2701 1303 2748 con-

271 2809 328 2873 tra
359 2801 524 2876 Paulum
553 2799 718 2905 ‘ejusque
751 2800 968 2877 doctrinam
1005 2795 1299 2876 machinationes

150 2919 151 2928 ἵ
269 2924 385 3000 etiam
415 2926 517 2999 inter
541 2905 664 3002 Pauli'
680 2925 939 3029 captivitatem
971 2924 1126 2998 durasse
1151 2951 1172 2998 e
1197 2923 1305 2997 Pauli

268 3049 434 3152 epistolis
461 3049 523 3154 (ef.
538 3053 614 3126 Col.
626 3059 659 3140 2,
675 3055 827 3140 '4,'8‚1·6,
844 3061 896 3137 18,
915 3077 957 3120 20
966 3081 977 3144 ;
1005 3043 1300 3144 Phil.l,15‚'16.)
1360 3037 1361 3040 Ἴ

265 3171 340 3247 hoc
359 3191 529 3279 tempore
548 3177 698 3279 scriptis
719 3192 887 3278 apparet,
912 3171 1019 3250 unde
1037 3174 1153 3249 simul
1169 3195 1306 3248 eorum

265 3296 308 3372 in
323 3300 488 3375 Paulum
505 3301 603 3375 iram
619 3328 700 3374 non
718 3299 914 3402 cessavisse
930 3315 1045 3402 patet.
1064 3330 1069 3338 ·
1167 3309 1170 3316 '
1186 3385 1192 3396 Ι

158 3479 162 3485 -
284 3495 288 3510 ,
337 3427 371 3498 2.
398 3423 508 3498 Pauli
527 3452 616 3500 vero
640 3427 683 3500 iu
704 3437 766 3500 eos
781 3425 962 3500 ‘animuin
985 3425 1127 3528 optime
1150 3433 1306 3525 cognos-

217 3579 220 3586 ’
264 3571 350 3620 cere
367 3571 583 3650 possumus,
605 3550 637 3623 si
651 3547 778 3652 ipsum
797 3540 1022 3652 loquentem
1041 3547 1229 3623 audimus
1258 3549 1307 3619 In

148 3674 151 3680 ’
264 3671 421 3774 epistola
444 3671 494 3748 ad
513 3663 776 3778 Philippenses
799 3673 937 3750 ultimo
963 3673 1191 3776 captivitatis
1213 3697 1307 3745 suae

263 3798 613 3902 tempore‘scriptm
642 3797 784 3876 Paulus
812 3799 920 3904 prius
937 3813 1180 3900 ‘conquestus
1211 3795 1309 3893 (cl,

254 3947 294 4020 ¹v.
311 3922 449 4020 15,16.)
482 3921 530 3996 de
554 3921 777 3998 Christianis
802 3919 965 4024 judaicis
993 3892 1233 4024 ivangelium
1259 3918 1305 4002 in

262 4041 343 4144 ipso
369 4044 561 4146 praetorio
588 4061 679 4122 ante
710 4045 829 4149 ipsius
861 4044 992 4123 oculos
1020 4043 1071 4124 ad
1107 4040 1303 4148 augendas
1401 4121 1402 4128 ,
