2856 4716
586 169 978 306 ‚222⁵ss

14 411 16 420 ’
61 421 68 435 ·
125 494 127 506 ¹
227 384 1146 506 sumiustitutiouisconsiliumperspioimus,tum
1155 427 1277 507 quam

155 519 159 524 ’
229 522 470 626 aptoordine
488 522 638 626 singula
657 539 861 631 praecepta
880 549 919 599 se
940 523 1143 628 excipiant
1179 526 1279 612 Nam

161 729 168 736 ι
228 650 261 727 si
278 647 327 738 is,
352 647 483 752 quiin
502 646 808 734 Christianorum
829 674 1039 732 numerum
1063 649 1278 755 recipieba-

231 792 299 852 tur.
314 771 593 877 gentiliserat,
621 769 828 886 rectissime
848 769 1038 847 institutio
1058 773 1109 846 ab
1129 776 1279 880 exposi-

216 899 335 974 'tione
361 893 660 1002 promissionum
691 909 731 968 et
754 893 957 994 effatorum
981 893 1057 970 Dei
1085 895 1133 972 de
1158 924 1281 1005 regno

228 1021 420 1101 Messiano
451 1019 678 1124 incipiebat,
714 1017 807 1126 quia
834 1018 876 1096 in
899 1018 945 1092 iis
976 1033 1056 1096 tota
1082 1020 1131 1098 de
1158 1049 1277 1126 regno

198 1143 417 1238 ‚Messiano
432 1168 516 1248 spes
535 1141 657 1248 posita
682 1157 772 1216 erat
806 1141 908 1216 Tum
931 1140 1277 1230 demonstrandum
1325 1155 1339 1172 “
1412 1173 1413 1258 3

228 1285 321 1359 erat,
347 1267 541 1374 quomodo
572 1267 645 1342 hae
668 1266 716 1342 de
742 1265 878 1354 Messio
907 1267 1176 1370 promissiones
1197 1269 1276 1376 jam

229 1412 405 1500 exparte
429 1421 500 1498 per
523 1394 694 1498 primum
710 1393 869 1468 Messias
890 1389 1132 1472 adventum
1122 1424 1164 1468 m
1187 1423 1274 1537 per-

226 1549 322 1606 sona
333 1524 357 1604 J
359 1547 426 1596 esu
434 1519 584 1604 factum
592 1519 765 1624 expletae
778 1535 911 1605 essent,
930 1519 1275 1623 ethincpersuasio

228 1648 277 1746 de
289 1673 405 1753 regno
414 1644 605 1720 Messiano
618 1669 707 1736 mox
720 1659 904 1720 erenturo
920 1643 1154 1720 confirmata.
1173 1647 1284 1746 Tum,
1374 1667 1379 1674 ⁸
1412 1681 1413 1690 κ

172 1853 176 1868 ,
228 1773 260 1853 si
273 1770 393 1874 hujus
403 1767 598 1852 felicitatis
614 1769 804 1874 cupidum
821 1795 860 1844 se
882 1770 1122 1859 ostendebat,
1144 1771 1275 1856 admo-⁴

170 1942 172 1951 ·
228 1895 383 1975 nendus
399 1890 498 1982 erat,
519 1895 624 1971 utin
641 1921 777 1971 verum
793 1894 1125 1972 Deum'Jehovom
1144 1895 1274 1972 crede-

229 2037 430 2122 rotatque
455 2017 649 2097 idolorum
676 2020 828 2109 cultum
858 2019 1106 2124 relinqueret
1146 2021 1274 2096 Prius-

229 2175 350 2250 quam
366 2144 509 2222 deinde
526 2146 629 2220 inter
643 2144 878 2253 Christianos
889 2145 1159 2232 ascisceretur,
1177 2145 1274 2222 ritus
1387 2157 1390 2163 '

178 2243 210 2310 κ’
229 2268 468 2356 initiationis,
490 2269 701 2372 baptismus
722 2287 760 2346 et
777 2269 967 2373 impositio
986 2299 1186 2357 manuum,
1210 2297 1273 2346 ex-

229 2392 460 2500 plicandi
427 2421 462 2468 et
485 2409 614 2480 erant,
642 2420 687 2466 ac
714 2393 883 2496 denique
905 2393 988 2481 aevi
1011 2393 1137 2470 futuri
1157 2418 1214 2470 res
1235 2411 1275 2469 et

48 2565 54 2578 ,
104 2592 107 2600 ¹
229 2536 408 2606 eventus,
436 2517 506 2620 qui
531 2516 573 2590 in
592 2517 871 2640 exspectatione
893 2533 1021 2611 erant,
1036 2545 1187 2624 cxpom
1175 2518 1273 2596 de-

139 2712 142 2720 ,
230 2645 445 2726 bebant

299 2741 416 2856 §.71
447 2769 479 2840 1.
506 2764 673 2868 Itaque
663 2793 741 2867 jam
764 2767 940 2868 universa
965 2767 1040 2854 loci
1060 2730 1159 2846 ratio
1182 2755 1266 2845 con-.

117 2919 138 2976 ,Χ
232 2903 289 2966 tra
314 2891 511 2995 vulgarem
535 2889 813 2970 delectoribus
841 2891 1023 2996 epistolae
1050 2891 1270 3004 opinionem
1308 2971 1314 2986 ‚

231 3031 430 3118 repugnat
458 3012 591 3110 Quid?
615 3014 647 3088 si
669 2991 860 3116 quaedam
883 3013 957 3090 loci
976 3015 1093 3093 verba
1116 3041 1274 3090 accura-
1338 3091 1341 3099 ,

86 3123 132 3204 's
232 3138 308 3214 tius
325 3139 513 3242 explicata
531 3154 663 3242 aperta
681 3137 959 3225 demonstrent,
981 3139 1207 3244 scriptorem
1225 3137 1275 3219 de

231 3263 439 3369 gentilibus
461 3261 684 3338 Christianis
705 3263 838 3368 agere?
875 3254 994 3356 Quod
1018 3263 1061 3340 fit
1082 3291 1171 3340 vera
1191 3291 1274 3370 ver·
1302 3363 1307 3369 Ι

54 3419 59 3432 ·
179 3431 186 3439 -
232 3385 374 3465 borum
386 3413 457 3463 των
470 3409 603 3484 νεκρων
617 3383 727 3483 ἔργων
742 3384 1005 3493 explicatione.
1033 3387 1145 3486 Quae
1157 3372 1273 3466 rerba
1328 3483 1334 3492 ι

234 3540 315 3600 non
330 3514 507 3590 universe
521 3527 661 3586 sonant
673 3511 784 3600 mala,
802 3513 1015 3616 perniciosa
1031 3541 1156 3618 opera,
1174 3541 1274 3606 mor

120 3665 126 3676 ·
148 3737 153 3746 „
234 3618 313 3712 tem
328 3637 535 3730 afferentia,
557 3633 626 3709 sed
642 3635 797 3738 proprie
814 3663 933 3744 opera
954 3639 1121 3728 ethnica,
1141 3625 1282 3730 genti:

235 3762 331 3834 titas
346 3759 621 3858 peculiaria,
611 3785 674 3832 le
701 3763 844 3830 cultum
864 3760 1060 3832 idolorum.
1087 3759 1275 3866 Namque,

235 3904 284 3966 nt
309 3886 496 3988 scriptum
521 3902 577 3958 est
607 3884 648 3958 in
675 3875 884 3958 Modrasoh
907 3883 1041 3959 Jalkut
1067 3882 1273 4010 Schimcui,

216 4011 341 4103 ¹Tom.
360 4012 414 4096 ΙΙ,
437 4006 499 4082 fot.
516 4021 581 4095 43,
600 4008 721 4090 coia:
