2856 4694
754 263 829 367 (3ss¹
909 252 914 266 ’

330 415 448 528 815.
477 445 508 516 1.
536 440 666 536 Quare
682 438 828 514 factum
847 445 918 525 est,
939 454 984 512 ut
996 437 1135 512 Judaei
1148 438 1240 511 Jesu
1254 453 1294 510 et

263 568 345 672 ejus
360 567 635 671 discipulorum
651 581 819 667 tempore
836 589 983 638 summo
998 588 1088 637 cum
1105 561 1292 644 desiderio
1351 635 1352 642 ,

237 695 527 797 'exspectarent
549 691 707 764 Messias
734 689 838 764 illius
864 688 1088 774 adventum,
1117 686 1185 788 qui
1218 703 1291 760 ter-

259 819 427 892 'minaret
436 841 622 914 praesens
640 816 770 885 mundi
790 839 924 886 aevum
940 813 1027 910 (ΠῙΠ
1046 782 1161 905 0511),
1182 807 1291 886 liunc
1315 808 1322 814 ’

261 941 479 1040 mundum),
491 967 569 1042 quo
577 939 773 1025 Diabolus,
784 939 825 1011 in
835 955 974 1012 terram
982 935 1181 1010 dominans
1189 961 1289 1008 eam-

116 1089 119 1096 ⁴
234 1125 241 1130 .
261 1091 338 1168 que
350 1089 597 1166 corrumpens
606 1061 756 1166 acparti
764 1061 838 1134 Dei
846 1061 994 1134 bellum
1002 1059 1153 1170 faciens,
1167 1089 1292 1164 popu-

260 1191 343 1265 lum
351 1189 425 1263 Dei
435 1187 633 1292 opprimit3
650 1204 687 1260 et
700 1185 907 1260 adduceret
917 1184 1171 1272 felicissimam
1185 1187 1292 1261 illam

259 1312 397 1388 mundi
421 1329 583 1388 aetatem
605 1311 812 1410 (mundum
833 1311 1026 1398 futurum,
1056 1316 1143 1418 ΝΞΓΙ
1163 1275 1290 1412 tabu),

258 1465 348 1540 qua,
372 1439 537 1512 Diabolo
556 1436 673 1523 victo,
696 1436 863 1538 populus
884 1435 958 1508 Dei
981 1434 1217 1523 liberaretur,
1241 1455 1288 1525 et,

258 1565 342 1638 Deo
357 1565 436 1668 solo
449 1590 519 1668 per
533 1562 710 1637 Messium
726 1562 768 1634 in
786 1579 884 1635 terra
901 1561 1122 1664 imperante,
1141 1585 1288 1636 summa

257 1688 439 1763 felicitate
473 1687 704 1764 frueremr.'
731 1685 859 1782 Quem
885 1686 1042 1761 Messiae
1071 1684 1288 1776 adventum,

256 1830 393 1914 atque,
434 1814 503 1915 qui
536 1837 583 1887 ex
614 1838 658 1886 eo
691 1810 856 1914 pendet,
902 1808 1018 1882 finem
1051 1807 1168 1910 hujus
1207 1811 1288 1885 aevi

257 1937 428 2040 proxime
442 1937 582 2010 instare
591 1936 800 2039 sperabant
812 1931 876 2030 (cf.
885 1935 975 2007 Luc.
986 1939 1018 2019 1,
1032 1961 1087 2025 7¹5
1101 1917 1134 2020 2,
1151 1947 1206 2022 30,
1224 1947 1289 2032 383

255 2067 321 2147 24,
343 2087 406 2153 213
428 2061 507 2134 Act.
525 2069 562 2147 l,
583 2061 641 2158 6.).

329 2189 362 2259 2.
388 2187 669 2289 Exspectabant
688 2183 867 2259 ultimum
890 2183 1084 2285 quoddam
1106 2185 1255 2260 bellum

256 2309 357 2384 inter
368 2337 529 2411 regnum
544 2309 619 2382 Dei
633 2326 670 2381 et
687 2335 846 2409 regnum
862 2309 1031 2394 Satanae,
1054 2325 1092 2382 et
1109 2309 1210 2384 inter
1218 2340 1286 2415 po-

194 2501 198 2510 ,
255 2434 365 2535 pulos
391 2433 439 2506 ab
462 2450 627 2532 utraque
650 2446 758 2533 parte
778 2447 925 2504 stantes.
964 2431 1037 2503 Dei
1057 2453 1302 2536 pugnatores·

153 2605 157 2616 ι
255 2558 444 2661 putabant
467 2556 640 2630 coelestia
665 2555 889 2656 angelorum
905 2557 1135 2666 'agmina‘ac
1160 2587 1283 2662 popu-

255 2684 337 2758 lum
353 2681 550 2784 judaicum
564 2681 657 2767 fore,
673 2681 835 2782 ideoque
849 2681 1064 2756 universam
1076 2681 1283 2759 Abrahami

254 2808 401 2911 prolem
427 2834 472 2882 ex
498 2807 675 2882 omnibus
703 2823 823 2878 terrae
848 2805 1063 2907 regionibus
1087 2807 1128 2880 in
1153 2810 1290 2882 Palae·

137 3011 145 3024 ,
254 2916 387 3006 stina⁴⁷
423 2930 664 3032 (etquidem
689 2930 731 3002 in
755 2931 924 3004 Galilaea
938 2924 983 3029 ⁴⁸)
1014 2951 1281 3034 congregatum

255 3055 311 3127 iri.
345 3055 495 3129 Ducem
518 3081 651 3129 eorum
674 3054 754 3128 fore
779 3054 902 3128 filium
923 3053 1012 3141 Dei,
1043 3049 1280 3158 designatum
1357 3123 1360 3136 .
1426 3043 1427 3068 ¹

248 3177 488 3254 'Judaeorum
505 3205 630 3279 regem
649 3179 865 3275 (Messiam)‚
890 3178 958 3278 qui
973 3178 1022 3252 ad
1040 3179 1146 3254 hunc
1163 3180 1280 3256 finem

234 3317 367 3404 ‘partu
400 3301 564 3378 feminae
592 3331 637 3377 ex
662 3301 779 3377 veteri
809 3304 925 3406 stirpe
958 3305 1057 3406 regia
1100 3307 1279 3404 (Dauidi-

314 3617 336 3653 ⁴⁶
355 3617 516 3682 Berthotdti
529 3619 722 3700 Christologia
733 3622 809 3699 ΒΑΘ,
821 3641 885 3702 pag.
896 3633 965 3700 201,
980 3635 1037 3684 202
1060 3573 1214 3702 (efittattn
1224 3625 1289 3707 Q·

256 3741 283 3810 6,
294 3743 325 3799 7;
347 3726 499 3830 Apocrffl,
514 3739 531 3785 7
543 3730 622 3806 squ).

313 3876 336 3913 ⁴⁷
354 3883 384 3942 B.
395 3879 462 3940 Cbr.
472 3898 535 3976 pag.
548 3887 585 3939 79
607 3878 653 3954 (cf.
663 3879 753 3938 Marc
765 3878 813 3956 15,
825 3892 878 3948 27;
899 3881 1000 3942 Matth.
1011 3881 1063 3961 Ἃ,
1075 3889 1137 3962 31).

312 4025 335 4057 ⁴⁸
356 4034 385 4092 B.
396 4030 463 4092 Chr.
473 4049 537 4109 pag.
548 4037 594 4087 80.
