<?xml version="1.0" encoding="UTF-8"?>
<!DOCTYPE html PUBLIC "-//W3C//DTD XHTML 1.0 Transitional//EN"
    "http://www.w3.org/TR/xhtml1/DTD/xhtml1-transitional.dtd">
<html xmlns="http://www.w3.org/1999/xhtml" xml:lang="en" lang="en">
 <head>
  <title>
</title>
<meta http-equiv="Content-Type" content="text/html;charset=utf-8" />
  <meta name='ocr-system' content='tesseract 3.04.00' />
  <meta name='ocr-capabilities' content='ocr_page ocr_carea ocr_par ocr_line ocrx_word'/>
</head>
<body>
  <div class='ocr_page' id='page_1' title='image "./epistolamvulgoa01rtgoog_0015.png"; bbox 0 0 2856 4694; ppageno 0'>
   <div class='ocr_carea' id='block_1_1' title="bbox 727 251 750 312">
    <p class='ocr_par' dir='ltr' id='par_1_1' title="bbox 727 251 750 312">
     <span class='ocr_line' id='line_1_1' title="bbox 727 251 750 312; baseline 0 0"><span class='ocrx_word' id='word_1_1' title='bbox 727 251 750 312; x_wconf 69' lang='lat'><strong>2</strong></span> 
     </span>
    </p>
   </div>
   <div class='ocr_carea' id='block_1_2' title="bbox 140 423 1262 1389">
    <p class='ocr_par' dir='ltr' id='par_1_2' title="bbox 179 423 1262 1018">
     <span class='ocr_line' id='line_1_2' title="bbox 232 423 1259 526; baseline -0.002 -28"><span class='ocrx_word' id='word_1_2' title='bbox 232 423 460 526; x_wconf 87' lang='lat' dir='ltr'><strong>scrupulum</strong></span> <span class='ocrx_word' id='word_1_3' title='bbox 510 425 649 498; x_wconf 84' lang='lat' dir='ltr'><strong>exemit</strong></span> <span class='ocrx_word' id='word_1_4' title='bbox 688 425 873 500; x_wconf 83' lang='lat' dir='ltr'><strong>sententia</strong></span> <span class='ocrx_word' id='word_1_5' title='bbox 917 425 982 502; x_wconf 86' lang='lat' dir='ltr'><strong>illa</strong></span> <span class='ocrx_word' id='word_1_6' title='bbox 1029 425 1259 501; x_wconf 84' lang='lat' dir='ltr'><strong>talmudica:</strong></span> 
     </span>
     <span class='ocr_line' id='line_1_3' title="bbox 233 507 1262 675; baseline 0.014 -57"><span class='ocrx_word' id='word_1_7' title='bbox 233 547 254 618; x_wconf 95' lang='lat' dir='ltr'><strong>i.</strong></span> <span class='ocrx_word' id='word_1_8' title='bbox 269 571 298 620; x_wconf 89' lang='lat' dir='ltr'><strong>e.</strong></span> <span class='ocrx_word' id='word_1_9' title='bbox 324 543 483 648; x_wconf 86' lang='lat' dir='ltr'><strong>majores</strong></span> <span class='ocrx_word' id='word_1_10' title='bbox 497 551 642 620; x_wconf 86' lang='lat' dir='ltr'><strong>nostr&#39;os</strong></span> <span class='ocrx_word' id='word_1_11' title='bbox 669 553 720 630; x_wconf 72' lang='lat' dir='ltr'><strong>m</strong></span> <span class='ocrx_word' id='word_1_12' title='bbox 732 507 891 631; x_wconf 51' lang='lat' dir='ltr'><strong>nunni</strong></span> <span class='ocrx_word' id='word_1_13' title='bbox 904 551 1020 631; x_wconf 65' lang='lat' dir='ltr'><strong>&#39;ntztt</strong></span> <span class='ocrx_word' id='word_1_14' title='bbox 1031 552 1139 664; x_wconf 62' lang='grc' dir='ltr'><strong>ΊΠὈΠ</strong></span> <span class='ocrx_word' id='word_1_15' title='bbox 1154 555 1262 675; x_wconf 63' lang='grc' dir='ltr'><strong>ΕῚΡῸ</strong></span> 
     </span>
     <span class='ocr_line' id='line_1_4' title="bbox 233 667 1262 770; baseline 0.002 -28"><span class='ocrx_word' id='word_1_16' title='bbox 233 686 271 743; x_wconf 85' lang='lat' dir='ltr'><strong>et</strong></span> <span class='ocrx_word' id='word_1_17' title='bbox 285 669 394 742; x_wconf 92' lang='lat' dir='ltr'><strong>nobis</strong></span> <span class='ocrx_word' id='word_1_18' title='bbox 412 669 539 743; x_wconf 90' lang='lat' dir='ltr'><strong>locum</strong></span> <span class='ocrx_word' id='word_1_19' title='bbox 555 667 760 770; x_wconf 87' lang='lat' dir='ltr'><strong>reliquisse,</strong></span> <span class='ocrx_word' id='word_1_20' title='bbox 780 668 821 742; x_wconf 88' lang='lat' dir='ltr'><strong>in</strong></span> <span class='ocrx_word' id='word_1_21' title='bbox 836 667 1023 768; x_wconf 77' lang='lat' dir='ltr'><strong>quovires</strong></span> <span class='ocrx_word' id='word_1_22' title='bbox 1039 693 1262 770; x_wconf 82' lang='lat' dir='ltr'><strong>expromere</strong></span> 
     </span>
     <span class='ocr_line' id='line_1_5' title="bbox 179 789 1260 896; baseline 0 -30"><span class='ocrx_word' id='word_1_23' title='bbox 179 843 186 854; x_wconf 75' lang='lat'><em>,</em></span> <span class='ocrx_word' id='word_1_24' title='bbox 231 817 440 896; x_wconf 88' lang='lat' dir='ltr'><strong>possemus;</strong></span> <span class='ocrx_word' id='word_1_25' title='bbox 458 808 573 894; x_wconf 88' lang='lat' dir='ltr'><strong>atque</strong></span> <span class='ocrx_word' id='word_1_26' title='bbox 588 789 798 890; x_wconf 80' lang='lat' dir='ltr'><strong>erectojam</strong></span> <span class='ocrx_word' id='word_1_27' title='bbox 813 790 941 869; x_wconf 91' lang='lat' dir='ltr'><strong>animo</strong></span> <span class='ocrx_word' id='word_1_28' title='bbox 957 791 1160 866; x_wconf 89' lang='lat' dir='ltr'><strong>consilium</strong></span> <span class='ocrx_word' id='word_1_29' title='bbox 1175 795 1260 896; x_wconf 90' lang='lat' dir='ltr'><strong>cepi</strong></span> 
     </span>
     <span class='ocr_line' id='line_1_6' title="bbox 231 913 1261 1018; baseline 0.001 -27"><span class='ocrx_word' id='word_1_30' title='bbox 231 914 531 1018; x_wconf 87' lang='lat' dir='ltr'><strong>disquisitionem</strong></span> <span class='ocrx_word' id='word_1_31' title='bbox 557 915 630 991; x_wconf 83' lang='lat' dir='ltr'><strong>hac</strong></span> <span class='ocrx_word' id='word_1_32' title='bbox 655 913 703 990; x_wconf 91' lang='lat' dir='ltr'><strong>de</strong></span> <span class='ocrx_word' id='word_1_33' title='bbox 727 940 769 989; x_wconf 87' lang='lat' dir='ltr'><strong>re</strong></span> <span class='ocrx_word' id='word_1_34' title='bbox 794 941 911 1016; x_wconf 89' lang='lat' dir='ltr'><strong>quam</strong></span> <span class='ocrx_word' id='word_1_35' title='bbox 938 916 1261 992; x_wconf 84' lang='lat' dir='ltr'><strong>accuratissimam</strong></span> 
     </span>
    </p>

    <p class='ocr_par' dir='ltr' id='par_1_3' title="bbox 140 1019 1262 1389">
     <span class='ocr_line' id='line_1_7' title="bbox 177 1019 1234 1116; baseline 0 -2"><span class='ocrx_word' id='word_1_36' title='bbox 177 1019 185 1036; x_wconf 53' lang='lat'><em>⁶</em></span> <span class='ocrx_word' id='word_1_37' title='bbox 230 1040 439 1116; x_wconf 81' lang='lat' dir='ltr'><strong>instituere.</strong></span> <span class='ocrx_word' id='word_1_38' title='bbox 508 1085 511 1100; x_wconf 60' lang='grc' dir='ltr'><em>ι</em></span> <span class='ocrx_word' id='word_1_39' title='bbox 553 1041 555 1050; x_wconf 84' lang='grc'><strong>’</strong></span> <span class='ocrx_word' id='word_1_40' title='bbox 1229 1029 1234 1040; x_wconf 77' lang='grc'><strong>’</strong></span> 
     </span>
     <span class='ocr_line' id='line_1_8' title="bbox 140 1146 1261 1264; baseline 0 -26"><span class='ocrx_word' id='word_1_41' title='bbox 140 1149 145 1156; x_wconf 43' lang='grc'><strong>“</strong></span> <span class='ocrx_word' id='word_1_42' title='bbox 302 1163 412 1258; x_wconf 84' lang='lat' dir='ltr'><strong>Quae</strong></span> <span class='ocrx_word' id='word_1_43' title='bbox 427 1146 640 1264; x_wconf 72' lang='lat' dir='ltr'><strong>disquisitio</strong></span> <span class='ocrx_word' id='word_1_44' title='bbox 652 1176 728 1252; x_wconf 78' lang='lat' dir='ltr'><strong>tots</strong></span> <span class='ocrx_word' id='word_1_45' title='bbox 741 1187 762 1236; x_wconf 91' lang='lat' dir='ltr'><strong>e</strong></span> <span class='ocrx_word' id='word_1_46' title='bbox 778 1162 1058 1264; x_wconf 82' lang='lat' dir='ltr'><strong>comparatione</strong></span> <span class='ocrx_word' id='word_1_47' title='bbox 1071 1162 1261 1238; x_wconf 85' lang='lat' dir='ltr'><strong>librorum</strong></span> 
     </span>
     <span class='ocr_line' id='line_1_9' title="bbox 230 1269 1262 1389; baseline -0.002 -27"><span class='ocrx_word' id='word_1_48' title='bbox 230 1285 273 1362; x_wconf 74' lang='grc' dir='ltr'><strong>Ν.</strong></span> <span class='ocrx_word' id='word_1_49' title='bbox 284 1287 326 1358; x_wconf 88' lang='grc' dir='ltr'><strong>Τ.</strong></span> <span class='ocrx_word' id='word_1_50' title='bbox 340 1305 430 1362; x_wconf 84' lang='lat' dir='ltr'><strong>cum</strong></span> <span class='ocrx_word' id='word_1_51' title='bbox 441 1284 605 1389; x_wconf 85' lang='lat' dir='ltr'><strong>judaicis</strong></span> <span class='ocrx_word' id='word_1_52' title='bbox 618 1269 752 1360; x_wconf 87' lang='lat' dir='ltr'><strong>litteris</strong></span> <span class='ocrx_word' id='word_1_53' title='bbox 766 1285 1013 1388; x_wconf 76' lang='lat' dir='ltr'><strong>profecta-est</strong></span> <span class='ocrx_word' id='word_1_54' title='bbox 1031 1310 1156 1386; x_wconf 87' lang='lat' dir='ltr'><strong>eaque</strong></span> <span class='ocrx_word' id='word_1_55' title='bbox 1168 1287 1262 1360; x_wconf 85' lang='lat' dir='ltr'><strong>niti-</strong></span> 
     </span>
    </p>
   </div>
   <div class='ocr_carea' id='block_1_3' title="bbox 110 1408 1263 1512">
    <p class='ocr_par' dir='ltr' id='par_1_4' title="bbox 110 1408 1263 1512">
     <span class='ocr_line' id='line_1_10' title="bbox 110 1408 1263 1512; baseline 0.005 -34"><span class='ocrx_word' id='word_1_56' title='bbox 110 1469 112 1478; x_wconf 66' lang='lat'><em>,</em></span> <span class='ocrx_word' id='word_1_57' title='bbox 231 1427 303 1486; x_wconf 82' lang='lat' dir='ltr'><strong>tur.</strong></span> <span class='ocrx_word' id='word_1_58' title='bbox 342 1409 519 1512; x_wconf 75' lang='lat' dir='ltr'><strong>Namque</strong></span> <span class='ocrx_word' id='word_1_59' title='bbox 541 1436 563 1484; x_wconf 88' lang='lat' dir='ltr'><strong>e</strong></span> <span class='ocrx_word' id='word_1_60' title='bbox 585 1410 694 1485; x_wconf 85' lang='lat' dir='ltr'><strong>libris</strong></span> <span class='ocrx_word' id='word_1_61' title='bbox 717 1409 934 1510; x_wconf 77' lang='lat' dir='ltr'><strong>theologicis</strong></span> <span class='ocrx_word' id='word_1_62' title='bbox 959 1408 1196 1484; x_wconf 85' lang='lat' dir='ltr'><strong>Judaeorum</strong></span> <span class='ocrx_word' id='word_1_63' title='bbox 1223 1427 1263 1484; x_wconf 91' lang='lat' dir='ltr'><strong>et</strong></span> 
     </span>
    </p>
   </div>
   <div class='ocr_carea' id='block_1_4' title="bbox 208 1531 1263 1759">
    <p class='ocr_par' dir='ltr' id='par_1_5' title="bbox 208 1531 1263 1759">
     <span class='ocr_line' id='line_1_11' title="bbox 208 1531 1261 1636; baseline -0.001 -28"><span class='ocrx_word' id='word_1_64' title='bbox 208 1566 211 1590; x_wconf 67' lang='lat'><em>¹</em></span> <span class='ocrx_word' id='word_1_65' title='bbox 231 1534 444 1609; x_wconf 82' lang='lat' dir='ltr'><strong>doctrinam</strong></span> <span class='ocrx_word' id='word_1_66' title='bbox 465 1549 505 1607; x_wconf 90' lang='lat' dir='ltr'><strong>et</strong></span> <span class='ocrx_word' id='word_1_67' title='bbox 521 1532 727 1612; x_wconf 83' lang='lat' dir='ltr'><strong>dictionem</strong></span> <span class='ocrx_word' id='word_1_68' title='bbox 745 1531 933 1610; x_wconf 87' lang='lat' dir='ltr'><strong>librorum</strong></span> <span class='ocrx_word' id='word_1_69' title='bbox 952 1532 994 1605; x_wconf 86' lang='lat' dir='ltr'><strong>N.</strong></span> <span class='ocrx_word' id='word_1_70' title='bbox 1014 1531 1055 1603; x_wconf 88' lang='lat' dir='ltr'><strong>T.</strong></span> <span class='ocrx_word' id='word_1_71' title='bbox 1078 1533 1261 1636; x_wconf 85' lang='lat' dir='ltr'><strong>explicari</strong></span> 
     </span>
     <span class='ocr_line' id='line_1_12' title="bbox 230 1655 1263 1759; baseline 0 -27"><span class='ocrx_word' id='word_1_72' title='bbox 230 1681 354 1759; x_wconf 85' lang='lat' dir='ltr'><strong>posse,</strong></span> <span class='ocrx_word' id='word_1_73' title='bbox 379 1659 495 1732; x_wconf 89' lang='lat' dir='ltr'><strong>immo</strong></span> <span class='ocrx_word' id='word_1_74' title='bbox 516 1655 663 1744; x_wconf 88' lang='lat' dir='ltr'><strong>deberi,</strong></span> <span class='ocrx_word' id='word_1_75' title='bbox 690 1657 742 1730; x_wconf 85' lang='lat' dir='ltr'><strong>ita</strong></span> <span class='ocrx_word' id='word_1_76' title='bbox 762 1655 857 1730; x_wconf 87' lang='lat' dir='ltr'><strong>mihi</strong></span> <span class='ocrx_word' id='word_1_77' title='bbox 875 1668 1097 1758; x_wconf 78' lang='lat' dir='ltr'><strong>persuasum</strong></span> <span class='ocrx_word' id='word_1_78' title='bbox 1115 1674 1189 1744; x_wconf 86' lang='lat' dir='ltr'><strong>est,</strong></span> <span class='ocrx_word' id='word_1_79' title='bbox 1216 1675 1263 1732; x_wconf 87' lang='lat' dir='ltr'><strong>nt</strong></span> 
     </span>
    </p>
   </div>
   <div class='ocr_carea' id='block_1_5' title="bbox 231 1761 1417 1882">
    <p class='ocr_par' dir='ltr' id='par_1_6' title="bbox 231 1761 1417 1882">
     <span class='ocr_line' id='line_1_13' title="bbox 231 1761 1417 1882; baseline 0 -28"><span class='ocrx_word' id='word_1_80' title='bbox 231 1781 333 1854; x_wconf 90' lang='lat' dir='ltr'><strong>hanc</strong></span> <span class='ocrx_word' id='word_1_81' title='bbox 347 1779 583 1882; x_wconf 87' lang='lat' dir='ltr'><strong>potissimum</strong></span> <span class='ocrx_word' id='word_1_82' title='bbox 601 1805 754 1858; x_wconf 83' lang='lat' dir='ltr'><strong>causam</strong></span> <span class='ocrx_word' id='word_1_83' title='bbox 773 1801 850 1853; x_wconf 83' lang='lat' dir='ltr'><strong>esse</strong></span> <span class='ocrx_word' id='word_1_84' title='bbox 867 1795 1016 1882; x_wconf 87' lang='lat' dir='ltr'><strong>putem,</strong></span> <span class='ocrx_word' id='word_1_85' title='bbox 1043 1805 1114 1854; x_wconf 88' lang='lat' dir='ltr'><strong>cur</strong></span> <span class='ocrx_word' id='word_1_86' title='bbox 1131 1778 1261 1856; x_wconf 86' lang='lat' dir='ltr'><strong>adhuc</strong></span> <span class='ocrx_word' id='word_1_87' title='bbox 1355 1861 1357 1866; x_wconf 62' lang='grc'>,</span> <span class='ocrx_word' id='word_1_88' title='bbox 1416 1761 1417 1766; x_wconf 21' lang='lat'>¹</span> 
     </span>
    </p>
   </div>
   <div class='ocr_carea' id='block_1_6' title="bbox 225 1902 1347 3970">
    <p class='ocr_par' dir='ltr' id='par_1_7' title="bbox 225 1902 1277 2373">
     <span class='ocr_line' id='line_1_14' title="bbox 225 1902 1263 2008; baseline 0.001 -31"><span class='ocrx_word' id='word_1_89' title='bbox 225 1931 254 1977; x_wconf 79' lang='lat' dir='ltr'><strong>a</strong></span> <span class='ocrx_word' id='word_1_90' title='bbox 278 1919 380 1977; x_wconf 85' lang='lat' dir='ltr'><strong>certa</strong></span> <span class='ocrx_word' id='word_1_91' title='bbox 401 1921 440 1978; x_wconf 91' lang='lat' dir='ltr'><strong>et</strong></span> <span class='ocrx_word' id='word_1_92' title='bbox 460 1903 677 1990; x_wconf 80' lang='lat' dir='ltr'><strong>indubitata</strong></span> <span class='ocrx_word' id='word_1_93' title='bbox 698 1904 886 1978; x_wconf 82' lang='lat' dir='ltr'><strong>librorum</strong></span> <span class='ocrx_word' id='word_1_94' title='bbox 906 1903 949 1976; x_wconf 85' lang='grc' dir='ltr'><strong>Ν.</strong></span> <span class='ocrx_word' id='word_1_95' title='bbox 970 1903 1012 1974; x_wconf 88' lang='grc' dir='ltr'><strong>Τ.</strong></span> <span class='ocrx_word' id='word_1_96' title='bbox 1033 1902 1263 2008; x_wconf 85' lang='lat' dir='ltr'><strong>interpreta-</strong></span> 
     </span>
     <span class='ocr_line' id='line_1_15' title="bbox 233 2025 1262 2135; baseline 0.002 -37"><span class='ocrx_word' id='word_1_97' title='bbox 233 2027 336 2100; x_wconf 86' lang='lat' dir='ltr'><strong>tione</strong></span> <span class='ocrx_word' id='word_1_98' title='bbox 354 2042 460 2104; x_wconf 82' lang='lat' dir='ltr'><strong>tanto</strong></span> <span class='ocrx_word' id='word_1_99' title='bbox 479 2027 601 2130; x_wconf 86' lang='lat' dir='ltr'><strong>spatio</strong></span> <span class='ocrx_word' id='word_1_100' title='bbox 623 2027 818 2113; x_wconf 84' lang='lat' dir='ltr'><strong>distemus,</strong></span> <span class='ocrx_word' id='word_1_101' title='bbox 842 2025 948 2127; x_wconf 91' lang='lat' dir='ltr'><strong>quod</strong></span> <span class='ocrx_word' id='word_1_102' title='bbox 964 2025 1136 2100; x_wconf 88' lang='lat' dir='ltr'><strong>studium</strong></span> <span class='ocrx_word' id='word_1_103' title='bbox 1155 2027 1262 2135; x_wconf 61' lang='lat' dir='ltr'><strong>tlreo7</strong></span> 
     </span>
     <span class='ocr_line' id='line_1_16' title="bbox 232 2148 1277 2255; baseline 0.001 -32"><span class='ocrx_word' id='word_1_104' title='bbox 232 2150 354 2250; x_wconf 79' lang='lat' dir='ltr'><strong>legiae</strong></span> <span class='ocrx_word' id='word_1_105' title='bbox 390 2148 566 2252; x_wconf 86' lang='lat' dir='ltr'><strong>judaicae</strong></span> <span class='ocrx_word' id='word_1_106' title='bbox 589 2162 712 2252; x_wconf 81' lang='lat' dir='ltr'><strong>usque</strong></span> <span class='ocrx_word' id='word_1_107' title='bbox 750 2150 800 2225; x_wconf 86' lang='lat' dir='ltr'><strong>ad</strong></span> <span class='ocrx_word' id='word_1_108' title='bbox 834 2149 942 2255; x_wconf 86' lang='lat' dir='ltr'><strong>hunc</strong></span> <span class='ocrx_word' id='word_1_109' title='bbox 976 2148 1078 2222; x_wconf 89' lang='lat' dir='ltr'><strong>diem</strong></span> <span class='ocrx_word' id='word_1_110' title='bbox 1108 2174 1277 2251; x_wconf 73' lang='lat' dir='ltr'><strong>prorsus</strong></span> 
     </span>
     <span class='ocr_line' id='line_1_17' title="bbox 233 2267 767 2373; baseline 0.007 -30"><span class='ocrx_word' id='word_1_111' title='bbox 233 2274 449 2373; x_wconf 79' lang='lat' dir='ltr'><strong>neglectum</strong></span> <span class='ocrx_word' id='word_1_112' title='bbox 465 2288 530 2346; x_wconf 84' lang='lat' dir='ltr'><strong>est</strong></span> <span class='ocrx_word' id='word_1_113' title='bbox 757 2267 767 2271; x_wconf 58' lang='grc'><strong><em>’</em></strong></span> 
     </span>
    </p>

    <p class='ocr_par' dir='ltr' id='par_1_8' title="bbox 230 2378 1347 3970">
     <span class='ocr_line' id='line_1_18' title="bbox 304 2378 1264 2500; baseline 0.005 -34"><span class='ocrx_word' id='word_1_114' title='bbox 304 2393 390 2470; x_wconf 82' lang='lat' dir='ltr'><strong>Non</strong></span> <span class='ocrx_word' id='word_1_115' title='bbox 410 2394 543 2494; x_wconf 82' lang='lat' dir='ltr'><strong>ignoro</strong></span> <span class='ocrx_word' id='word_1_116' title='bbox 560 2418 621 2466; x_wconf 90' lang='lat' dir='ltr'><strong>me</strong></span> <span class='ocrx_word' id='word_1_117' title='bbox 639 2391 712 2465; x_wconf 86' lang='lat' dir='ltr'><strong>hae</strong></span> <span class='ocrx_word' id='word_1_118' title='bbox 731 2392 917 2466; x_wconf 85' lang='lat' dir='ltr'><strong>sententia</strong></span> <span class='ocrx_word' id='word_1_119' title='bbox 939 2378 1160 2498; x_wconf 75' lang='lat' dir='ltr'><strong>oppugnare</strong></span> <span class='ocrx_word' id='word_1_120' title='bbox 1180 2379 1264 2500; x_wconf 84' lang='lat' dir='ltr'><strong>opi-¹</strong></span> 
     </span>
     <span class='ocr_line' id='line_1_19' title="bbox 233 2499 1266 2618; baseline -0.002 -24"><span class='ocrx_word' id='word_1_121' title='bbox 233 2517 390 2594; x_wconf 88' lang='lat' dir='ltr'><strong>nionem</strong></span> <span class='ocrx_word' id='word_1_122' title='bbox 413 2514 521 2618; x_wconf 87' lang='lat' dir='ltr'><strong>apud</strong></span> <span class='ocrx_word' id='word_1_123' title='bbox 537 2514 647 2588; x_wconf 84' lang='lat' dir='ltr'><strong>Viros</strong></span> <span class='ocrx_word' id='word_1_124' title='bbox 669 2513 797 2589; x_wconf 83' lang='lat' dir='ltr'><strong>doctos</strong></span> <span class='ocrx_word' id='word_1_125' title='bbox 817 2499 993 2591; x_wconf 79' lang='lat' dir='ltr'><strong>latissime</strong></span> <span class='ocrx_word' id='word_1_126' title='bbox 1012 2516 1200 2606; x_wconf 82' lang='lat' dir='ltr'><strong>diffusam,</strong></span> <span class='ocrx_word' id='word_1_127' title='bbox 1227 2537 1266 2595; x_wconf 88' lang='lat' dir='ltr'><strong>et</strong></span> 
     </span>
     <span class='ocr_line' id='line_1_20' title="bbox 232 2635 1347 2743; baseline 0.008 -33"><span class='ocrx_word' id='word_1_128' title='bbox 232 2639 279 2710; x_wconf 85' lang='lat' dir='ltr'><strong>iis</strong></span> <span class='ocrx_word' id='word_1_129' title='bbox 290 2636 396 2737; x_wconf 88' lang='lat' dir='ltr'><strong>ipsis,</strong></span> <span class='ocrx_word' id='word_1_130' title='bbox 419 2638 489 2738; x_wconf 86' lang='lat' dir='ltr'><strong>qui</strong></span> <span class='ocrx_word' id='word_1_131' title='bbox 504 2636 553 2710; x_wconf 88' lang='lat' dir='ltr'><strong>de</strong></span> <span class='ocrx_word' id='word_1_132' title='bbox 570 2635 631 2710; x_wconf 90' lang='lat' dir='ltr'><strong>his</strong></span> <span class='ocrx_word' id='word_1_133' title='bbox 643 2637 756 2718; x_wconf 79' lang='lat' dir='ltr'><strong>rebus</strong></span> <span class='ocrx_word' id='word_1_134' title='bbox 770 2637 1031 2740; x_wconf 79' lang='lat' dir='ltr'><strong>disputarunt,</strong></span> <span class='ocrx_word' id='word_1_135' title='bbox 1051 2643 1264 2743; x_wconf 83' lang='lat' dir='ltr'><strong>probatam,</strong></span> <span class='ocrx_word' id='word_1_136' title='bbox 1344 2714 1347 2718; x_wconf 89' lang='lat'><em>.</em></span> 
     </span>
     <span class='ocr_line' id='line_1_21' title="bbox 234 2759 1266 2842; baseline 0.011 -11"><span class='ocrx_word' id='word_1_137' title='bbox 234 2759 412 2834; x_wconf 84' lang='lat' dir='ltr'><strong>omnibus</strong></span> <span class='ocrx_word' id='word_1_138' title='bbox 434 2782 597 2834; x_wconf 85' lang='lat' dir='ltr'><strong>uncore</strong></span> <span class='ocrx_word' id='word_1_139' title='bbox 617 2761 958 2838; x_wconf 68' lang='lat' dir='ltr'><strong>consentientibus:</strong></span> <span class='ocrx_word' id='word_1_140' title='bbox 981 2763 1125 2839; x_wconf 81' lang='lat' dir='ltr'><strong>litteras</strong></span> <span class='ocrx_word' id='word_1_141' title='bbox 1135 2767 1266 2842; x_wconf 84' lang='lat' dir='ltr'><strong>rabbi·</strong></span> 
     </span>
     <span class='ocr_line' id='line_1_22' title="bbox 233 2880 1266 2987; baseline 0.008 -31"><span class='ocrx_word' id='word_1_142' title='bbox 233 2882 344 2956; x_wconf 77' lang='lat' dir='ltr'><strong>nicae</strong></span> <span class='ocrx_word' id='word_1_143' title='bbox 360 2880 638 2984; x_wconf 78' lang='lat' dir='ltr'><strong>ad‘jumndam</strong></span> <span class='ocrx_word' id='word_1_144' title='bbox 658 2881 701 2955; x_wconf 88' lang='lat' dir='ltr'><strong>N.</strong></span> <span class='ocrx_word' id='word_1_145' title='bbox 722 2883 766 2955; x_wconf 87' lang='grc' dir='ltr'><strong>Τ.</strong></span> <span class='ocrx_word' id='word_1_146' title='bbox 791 2881 1143 2987; x_wconf 84' lang='lat' dir='ltr'><strong>interpretationem</strong></span> <span class='ocrx_word' id='word_1_147' title='bbox 1165 2890 1266 2966; x_wconf 92' lang='lat' dir='ltr'><strong>nihil</strong></span> 
     </span>
     <span class='ocr_line' id='line_1_23' title="bbox 234 3003 1268 3115; baseline 0.009 -37"><span class='ocrx_word' id='word_1_148' title='bbox 234 3004 369 3078; x_wconf 78' lang='lat' dir='ltr'><strong>valere.</strong></span> <span class='ocrx_word' id='word_1_149' title='bbox 423 3003 556 3100; x_wconf 83' lang='lat' dir='ltr'><strong>Quam</strong></span> <span class='ocrx_word' id='word_1_150' title='bbox 580 3005 807 3082; x_wconf 84' lang='lat' dir='ltr'><strong>sententiam</strong></span> <span class='ocrx_word' id='word_1_151' title='bbox 838 3007 1028 3096; x_wconf 79' lang='lat' dir='ltr'><strong>refellere,</strong></span> <span class='ocrx_word' id='word_1_152' title='bbox 1062 3038 1268 3115; x_wconf 83' lang='lat' dir='ltr'><strong>meamque</strong></span> 
     </span>
     <span class='ocr_line' id='line_1_24' title="bbox 235 3126 1268 3238; baseline 0.012 -38"><span class='ocrx_word' id='word_1_153' title='bbox 235 3126 478 3212; x_wconf 80' lang='lat' dir='ltr'><strong>confirmare,</strong></span> <span class='ocrx_word' id='word_1_154' title='bbox 515 3153 638 3228; x_wconf 85' lang='lat' dir='ltr'><strong>quum</strong></span> <span class='ocrx_word' id='word_1_155' title='bbox 666 3154 794 3230; x_wconf 88' lang='lat' dir='ltr'><strong>noque</strong></span> <span class='ocrx_word' id='word_1_156' title='bbox 817 3128 947 3232; x_wconf 75' lang='lat' dir='ltr'><strong>hujus</strong></span> <span class='ocrx_word' id='word_1_157' title='bbox 961 3132 1035 3204; x_wconf 89' lang='lat' dir='ltr'><strong>loci</strong></span> <span class='ocrx_word' id='word_1_158' title='bbox 1059 3134 1110 3207; x_wconf 88' lang='lat' dir='ltr'><strong>sit</strong></span> <span class='ocrx_word' id='word_1_159' title='bbox 1137 3161 1268 3238; x_wconf 85' lang='lat' dir='ltr'><strong>neque</strong></span> 
     </span>
     <span class='ocr_line' id='line_1_25' title="bbox 234 3250 1267 3362; baseline 0.012 -41"><span class='ocrx_word' id='word_1_160' title='bbox 234 3251 417 3354; x_wconf 84' lang='lat' dir='ltr'><strong>propositi</strong></span> <span class='ocrx_word' id='word_1_161' title='bbox 434 3250 527 3337; x_wconf 81' lang='lat' dir='ltr'><strong>mei,</strong></span> <span class='ocrx_word' id='word_1_162' title='bbox 549 3250 653 3324; x_wconf 89' lang='lat' dir='ltr'><strong>omni</strong></span> <span class='ocrx_word' id='word_1_163' title='bbox 671 3251 719 3326; x_wconf 75' lang='lat' dir='ltr'><strong>ds</strong></span> <span class='ocrx_word' id='word_1_164' title='bbox 736 3253 810 3327; x_wconf 88' lang='lat' dir='ltr'><strong>hac</strong></span> <span class='ocrx_word' id='word_1_165' title='bbox 825 3280 866 3328; x_wconf 82' lang='lat' dir='ltr'><strong>re</strong></span> <span class='ocrx_word' id='word_1_166' title='bbox 886 3256 1137 3338; x_wconf 81' lang='lat' dir='ltr'><strong>controversia</strong></span> <span class='ocrx_word' id='word_1_167' title='bbox 1156 3283 1267 3362; x_wconf 82' lang='lat' dir='ltr'><strong>sepo-</strong></span> 
     </span>
     <span class='ocr_line' id='line_1_26' title="bbox 234 3372 1282 3482; baseline 0.009 -36"><span class='ocrx_word' id='word_1_168' title='bbox 234 3372 320 3460; x_wconf 84' lang='lat' dir='ltr'><strong>sita,</strong></span> <span class='ocrx_word' id='word_1_169' title='bbox 355 3372 397 3446; x_wconf 86' lang='lat' dir='ltr'><strong>id</strong></span> <span class='ocrx_word' id='word_1_170' title='bbox 415 3397 541 3465; x_wconf 85' lang='lat' dir='ltr'><strong>unum</strong></span> <span class='ocrx_word' id='word_1_171' title='bbox 560 3375 732 3476; x_wconf 85' lang='lat' dir='ltr'><strong>postulo,</strong></span> <span class='ocrx_word' id='word_1_172' title='bbox 764 3373 927 3477; x_wconf 84' lang='lat' dir='ltr'><strong>jureque</strong></span> <span class='ocrx_word' id='word_1_173' title='bbox 947 3379 1145 3479; x_wconf 76' lang='lat' dir='ltr'><strong>postulare</strong></span> <span class='ocrx_word' id='word_1_174' title='bbox 1158 3387 1282 3482; x_wconf 82' lang='lat' dir='ltr'><strong>posse</strong></span> 
     </span>
     <span class='ocr_line' id='line_1_27' title="bbox 235 3494 1268 3604; baseline 0.011 -36"><span class='ocrx_word' id='word_1_175' title='bbox 235 3494 331 3571; x_wconf 83' lang='lat' dir='ltr'><strong>mihi</strong></span> <span class='ocrx_word' id='word_1_176' title='bbox 347 3495 506 3583; x_wconf 73' lang='lat' dir='ltr'><strong>videm,-</strong></span> <span class='ocrx_word' id='word_1_177' title='bbox 518 3514 564 3571; x_wconf 85' lang='lat' dir='ltr'><strong>ut</strong></span> <span class='ocrx_word' id='word_1_178' title='bbox 576 3499 695 3572; x_wconf 87' lang='lat' dir='ltr'><strong>lector</strong></span> <span class='ocrx_word' id='word_1_179' title='bbox 708 3499 791 3572; x_wconf 88' lang='lat' dir='ltr'><strong>sinc</strong></span> <span class='ocrx_word' id='word_1_180' title='bbox 808 3498 1067 3604; x_wconf 69' lang='lat' dir='ltr'><strong>Praeiudicata</strong></span> <span class='ocrx_word' id='word_1_181' title='bbox 1084 3503 1268 3603; x_wconf 85' lang='lat' dir='ltr'><strong>opinione</strong></span> 
     </span>
     <span class='ocr_line' id='line_1_28' title="bbox 230 3613 1268 3723; baseline 0.011 -32"><span class='ocrx_word' id='word_1_182' title='bbox 230 3618 286 3692; x_wconf 82' lang='lat' dir='ltr'><strong>nd</strong></span> <span class='ocrx_word' id='word_1_183' title='bbox 299 3613 590 3720; x_wconf 79' lang='lat' dir='ltr'><strong>dijudicandum</strong></span> <span class='ocrx_word' id='word_1_184' title='bbox 599 3637 766 3696; x_wconf 85' lang='lat' dir='ltr'><strong>nostram</strong></span> <span class='ocrx_word' id='word_1_185' title='bbox 777 3623 1039 3723; x_wconf 85' lang='lat' dir='ltr'><strong>quaestionem</strong></span> <span class='ocrx_word' id='word_1_186' title='bbox 1050 3622 1170 3698; x_wconf 84' lang='lat' dir='ltr'><strong>adeat</strong></span> <span class='ocrx_word' id='word_1_187' title='bbox 1211 3629 1268 3702; x_wconf 79' lang='lat' dir='ltr'><strong>Ac</strong></span> 
     </span>
     <span class='ocr_line' id='line_1_29' title="bbox 237 3742 1269 3846; baseline 0.011 -32"><span class='ocrx_word' id='word_1_188' title='bbox 237 3767 345 3842; x_wconf 88' lang='lat' dir='ltr'><strong>spero</strong></span> <span class='ocrx_word' id='word_1_189' title='bbox 362 3742 461 3828; x_wconf 82' lang='lat' dir='ltr'><strong>fore,</strong></span> <span class='ocrx_word' id='word_1_190' title='bbox 482 3761 531 3830; x_wconf 67' lang='lat' dir='ltr'><strong>,ut</strong></span> <span class='ocrx_word' id='word_1_191' title='bbox 551 3745 628 3846; x_wconf 82' lang='lat' dir='ltr'><strong>ipse</strong></span> <span class='ocrx_word' id='word_1_192' title='bbox 646 3745 710 3818; x_wconf 90' lang='lat' dir='ltr'><strong>hic</strong></span> <span class='ocrx_word' id='word_1_193' title='bbox 729 3747 827 3820; x_wconf 86' lang='lat' dir='ltr'><strong>liher</strong></span> <span class='ocrx_word' id='word_1_194' title='bbox 844 3745 894 3819; x_wconf 76' lang='lat' dir='ltr'><strong>ad</strong></span> <span class='ocrx_word' id='word_1_195' title='bbox 915 3744 1164 3838; x_wconf 82' lang='lat' dir='ltr'><strong>refellendam</strong></span> <span class='ocrx_word' id='word_1_196' title='bbox 1180 3752 1269 3824; x_wconf 77' lang='lat' dir='ltr'><strong>vul·</strong></span> 
     </span>
     <span class='ocr_line' id='line_1_30' title="bbox 237 3860 1267 3970; baseline 0.013 -34"><span class='ocrx_word' id='word_1_197' title='bbox 237 3889 363 3964; x_wconf 82' lang='lat' dir='ltr'><strong>garem</strong></span> <span class='ocrx_word' id='word_1_198' title='bbox 383 3860 488 3940; x_wconf 91' lang='lat' dir='ltr'><strong>illam</strong></span> <span class='ocrx_word' id='word_1_199' title='bbox 511 3866 729 3970; x_wconf 85' lang='lat' dir='ltr'><strong>opinionem</strong></span> <span class='ocrx_word' id='word_1_200' title='bbox 750 3867 891 3942; x_wconf 54' lang='grc' dir='ltr'><strong>ἠοῖαι..</strong></span> <span class='ocrx_word' id='word_1_201' title='bbox 911 3869 996 3942; x_wconf 83' lang='lat' dir='ltr'><strong>Non</strong></span> <span class='ocrx_word' id='word_1_202' title='bbox 1013 3870 1145 3970; x_wconf 83' lang='lat' dir='ltr'><strong>paucis</strong></span> <span class='ocrx_word' id='word_1_203' title='bbox 1161 3875 1267 3950; x_wconf 88' lang='lat' dir='ltr'><strong>enim</strong></span> 
     </span>
    </p>
   </div>
   <div class='ocr_carea' id='block_1_7' title="bbox 239 3982 1417 4093">
    <p class='ocr_par' dir='ltr' id='par_1_9' title="bbox 239 3982 1417 4093">
     <span class='ocr_line' id='line_1_31' title="bbox 239 3982 1417 4093; baseline 0.013 -36"><span class='ocrx_word' id='word_1_204' title='bbox 239 3982 359 4086; x_wconf 77' lang='lat' dir='ltr'><strong>iisque</strong></span> <span class='ocrx_word' id='word_1_205' title='bbox 381 3989 601 4089; x_wconf 75' lang='lat' dir='ltr'><strong>gravissimis</strong></span> <span class='ocrx_word' id='word_1_206' title='bbox 618 3983 658 4066; x_wconf 81' lang='grc' dir='ltr'><strong>Ν.</strong></span> <span class='ocrx_word' id='word_1_207' title='bbox 675 3993 714 4064; x_wconf 90' lang='grc' dir='ltr'><strong>Τ.</strong></span> <span class='ocrx_word' id='word_1_208' title='bbox 740 3991 929 4091; x_wconf 66' lang='lat' dir='ltr'><strong>doctrinis,¹</strong></span> <span class='ocrx_word' id='word_1_209' title='bbox 955 3999 1008 4065; x_wconf 84' lang='lat' dir='ltr'><strong>ex.</strong></span> <span class='ocrx_word' id='word_1_210' title='bbox 1025 4019 1075 4093; x_wconf 78' lang='lat' dir='ltr'><strong>gr.</strong></span> <span class='ocrx_word' id='word_1_211' title='bbox 1097 3991 1146 4065; x_wconf 89' lang='lat' dir='ltr'><strong>de</strong></span> <span class='ocrx_word' id='word_1_212' title='bbox 1165 3997 1263 4070; x_wconf 81' lang='lat' dir='ltr'><strong>Dia·</strong></span> <span class='ocrx_word' id='word_1_213' title='bbox 1416 3985 1417 3994; x_wconf 8' lang='grc' dir='ltr'>ἵ</span> 
     </span>
    </p>
   </div>
   <div class='ocr_carea' id='block_1_8' title="bbox 0 0 1438 4694">
    <p class='ocr_par' dir='ltr' id='par_1_10' title="bbox 0 0 1438 4694">
     <span class='ocr_line' id='line_1_32' title="bbox 0 0 1438 4694; baseline 0 0"><span class='ocrx_word' id='word_1_214' title='bbox 0 0 1438 4694; x_wconf 95' lang='lat' dir='ltr'><strong> </strong></span> 
     </span>
    </p>
   </div>
  </div>
 </body>
</html>
