2872 4690
531 189 534 198 ’
661 235 773 337 aas¹

243 417 275 493 1.
302 415 422 488 Vetus
438 427 598 516 pactum
610 429 651 488 et
669 410 730 488 lex
748 427 927 516 respectu
943 413 1102 488 Messian
1119 413 1205 490 data

166 551 259 612 sunt
276 535 437 639 ejusque
456 533 625 612 adventu
643 536 865 639 explentur,
885 561 974 638 ergo
991 553 1098 612 vetus
1114 564 1216 640 pao·-

137 678 142 686 ·
167 679 250 735 tum
264 675 302 734 et
315 659 378 734 lex
397 657 663 734 tantummodo
676 658 728 734 ad
739 659 916 734 Messium
934 687 1057 764 usque
1073 662 1205 741 valent

166 781 316 882 (Galb,
336 793 515 876 23-255
541 789 719 876 l‚t·-·4;
738 785 842 858 Rom.
857 791 913 873 105
936 785 1020 885 4?);
1048 785 1202 862 Messias

163 923 294 984 autem
311 903 454 1008 jamin
474 922 615 980 terram
634 906 758 993 venit,
784 933 830 981 ac
850 923 972 982 morte
988 933 1058 982 sua
1077 934 1201 1012 popu-

163 1033 246 1106 lum
264 1019 380 1106 suum
402 1057 423 1104 e
445 1031 603 1138 Diaboli
625 1047 810 1136 potestate
834 1032 1013 1120 redemit,
1044 1049 1085 1114 ,ct
1110 1062 1200 1110 cum

162 1141 245 1230 Deo
261 1155 525 1230 reconciliavit
531 1187 541 1248 ;
566 1183 710 1230 novum
728 1157 844 1259 igitur
859 1156 1009 1258 foedus}
1031 1185 1111 1260 quo
1130 1159 1199 1234 ho—

161 1279 282 1354 mines
296 1278 539 1352 reconciliari
553 1257 756 1366 ‹lebebant
771 1278 850 1380 jam
860 1279 1130 1382 fecit(Hebr.7,
1141 1311 1205 1380 ²²31

160 1411 201 1490 8,
221 1414 240 1472 6
248 1436 258 1496 3
276 1411 317 1489 9,
338 1403 420 1500 rt).
459 1402 564 1476 Novo
587 1401 743 1477 foedere
762 1401 986 1506 abrogatum
1012 1425 1069 1482 est
1089 1425 1197 1484 vetus

158 1530 291 1626 (Hebr.
301 1535 334 1615 8,
350 1529 423 1627 13.)
438 1555 519 1603 una
537 1555 628 1602 cum
645 1527 727 1630 lege
741 1528 783 1602 in
798 1529 1089 1606 veteri'foedere
1108 1531 1195 1610 data

110 1637 113 1643 ¹
137 1632 289 1754 ¹(Hebr.
307 1663 369 1742 to,
390 1685 429 1748 93
453 1653 590 1758 Ephes.
607 1659 648 1740 2,
670 1653 752 1752 15.).
785 1649 912 1757 Hujus
931 1653 1022 1758 legis
1041 1657 1195 1760 piacula

155 1780 315 1883 insuper
336 1777 541 1880 colligebat
560 1775 611 1850 ad
630 1773 921 1879 justificandum
938 1775 1135 1854 hominem
1158 1797 1197 1856 et
1230 1765 1234 1770 ¹

154 1900 442 2012 adipiscendam
455 1899 530 1972 Dei
546 1899 707 2000 gratiam
722 1896 890 1974 invalida
907 1891 1032 1988 fuisse,
1049 1901 1195 2006 alioqui

154 2025 277 2114 enim,
297 2025 328 2100 si
343 2025 404 2099 lex
418 2023 641 2098 hominibus
657 2049 741 2097 eam
759 2019 999 2099 servantibus
1019 2023 1093 2101 Dei
1111 2055 1209 2129 gra-t

152 2151 244 2230 tiam
260 2149 510 2225 reconciliare
523 2149 717 2252 potuisset,
743 2174 839 2256 opus
856 2175 937 2222 non
952 2143 1078 2238 fuisse,
1094 2147 1193 2226 Mes-

150 2275 246 2350 siam
269 2274 320 2350 ad
344 2273 580 2378 expiandum
602 2273 794 2378 populum
823 2273 865 2347 in
893 2289 1035 2347 terram
1060 2275 1192 2350 venire

150 2429 195 2477 ac
218 2401 317 2476 mori
339 2400 403 2500 (cf.
421 2401 504 2475 Gal.
523 2406 564 2486 2,
583 2426 648 2492 213
665 2399 791 2473 ‘Heba
807 2405 850 2486 8,
874 2429 891 2488 7
902 2429 913 2492 3
940 2404 996 2483 1⁰,
1020 2397 1189 2500 1-10.).

150 2525 272 2628 Igitur
290 2526 517 2627 aequalibus
537 2525 714 2611 Messiae,
739 2523 901 2627 seposita
925 2521 993 2596 illa
1011 2519 1189 2626 abrogata

146 2649 286 2748 ‘veteris
299 2649 402 2752 pacti
416 2649 507 2750 lege,
531 2646 581 2721 ad
597 2647 875 2750 acquirendam
888 2646 995 2748 regni
1010 2645 1189 2724 Messiani

151 2775 342 2848 civitatem
356 2773 519 2871 'nonnisi
541 2797 662 2847 unam
681 2789 812 2876 patere
835 2765 954 2860 viam,
968 2787 1028 2847 ,ut
1047 2772 1122 2848 lide
1145 2775 1187 2850 in

136 2897 285 2973 'Messia
298 2897 420 3001 posita
434 2925 533 2972 novo
549 2893 695 2972 foederi
711 2921 750 2970 so
767 2893 1031 2999 adjungerent
1266 2883 1270 2894 ’

223 3024 256 3098 2.
284 3023 332 3096 In
357 3023 431 3096 hac
451 3020 780 3124 argumentatione
803 3019 932 3094 omnia
955 3019 1076 3124 posita
1095 3037 1187 3096 sunt

149 3173 249 3250 quae
272 3163 310 3221 et
329 3143 470 3222 Paulus
496 3145 538 3236 in
561 3145 728 3251 epistolis
750 3171 841 3220 cum
862 3141 995 3220 ceteris
1021 3159 1105 3220 tum
1130 3171 1184 3233 ca,
1267 3235 1272 3242 ,
1300 3198 1302 3202 .

50 3283 56 3288 ’
149 3297 249 3372 quae
262 3269 313 3345 ad
326 3271 514 3344 Romanos
528 3268 615 3343 data
632 3284 695 3356 est,
713 3285 751 3342 et
762 3268 925 3372 scriptor
938 3282 1089 3342 nostrae
1103 3269 1184 3370 epi-

148 3395 265 3468 stolae
289 3392 337 3466 de
357 3415 456 3467 novo
477 3390 630 3468 foedere
644 3390 756 3466 'facto
777 3392 975 3496 veterique
1004 3391 1184 3493 abrogato

149 3515 347 3592 disserunt
550 3613 553 3620 .
671 3531 675 3538 ’

122 3677 127 3686 ·
218 3629 250 3716 3.
278 3639 511 3714 Christianos
526 3634 733 3739 judaicose
750 3639 942 3714 contrario
958 3655 1030 3742 pro
1049 3654 1180 3714 aucto·

147 3742 257 3838 ritate
269 3763 360 3866 legis
373 3763 556 3838 acerrime
571 3760 806 3868 pugnavisse,
817 3761 880 3836 vix
891 3761 1028 3836 attinet
1040 3752 1176 3838 dicere.

147 3887 453 3978 Contendebant,
477 3873 597 3990 legem
616 3885 743 3962 valere
762 3887 890 3963 donec·
902 3909 1062 3989 regnum
1079 3887 1182 3972 Mes-1

146 4010 223 4085 siae
241 4027 335 4084 esset
351 4013 617 4098 constitutum,
637 4012 843 4114 omniaque
863 4011 1006 4086 exitum
1021 4010 1177 4106 habuis:
1242 4098 1246 4105 Ι
1281 4009 1286 4022 ’
