2872 4690
735 229 805 294 140

251 403 370 488 tione,
405 430 482 504 qua
511 403 651 478 Judaei
685 423 789 478 extra
821 391 1073 480 Palaestinam
1105 405 1283 492 viventes,

249 513 378 602 Deum
391 528 583 615 colebant,
602 555 805 632 synagogas
821 545 859 604 et
873 545 1083 604 conventus
1101 528 1282 629 frequen-

250 652 393 740 tabant,
412 651 574 755 hymnos
590 669 629 726 et
639 677 771 755 preces
788 653 1011 750 recitabant,
1028 652 1147 726 libros
1158 679 1282 742 sacros

248 778 425 880 legebant
443 795 559 879 atque
575 777 946 882 interpretabantur,
969 776 1125 852 sabbata
1149 793 1188 850 et
1203 776 1282 850 dies

247 900 359 976 festos
372 901 637 993 celebrabant3
662 899 729 976 sed
746 901 838 1002 quia
855 900 1092 976 advenarum
1112 915 1280 976 tantum-

196 1001 200 1022 ’
247 1025 361 1102 modo
384 1027 666 1129 inquilinorum
695 1027 990 1129 (proselytarum
1010 1026 1159 1129 portae)
1189 1053 1280 1102 con-

248 1151 393 1228 ditione
413 1151 640 1237 utebantur,
664 1149 820 1224 nullum
843 1149 957 1224 totius
980 1149 1069 1251 legis
1092 1149 1280 1224 Mosaicae

245 1258 496 1379 praeceptum
524 1272 797 1358 observabant,
828 1272 992 1374 ideoque
1023 1273 1278 1348 circumcisio-

245 1414 469 1499 nem-atque
488 1410 628 1470 statiua
647 1394 694 1468 de
714 1421 814 1497 puro
832 1413 870 1469 et
884 1395 1037 1497 impuro
1054 1397 1154 1470 nibil
1168 1423 1278 1472 cura-

244 1523 355 1611 bant,
375 1521 442 1596 sed
459 1521 502 1594 in
520 1519 762 1596 observandis
776 1520 1051 1596 Noachitarum
1066 1524 1278 1627 praeceptis

243 1645 549 1749 acquiescebant
945 1697 954 1730 ,

312 1769 347 1844 4,
374 1773 534 1871 Propter
550 1797 669 1870 quam
686 1769 775 1870 legis
791 1769 1061 1870 negligentiam
1079 1772 1199 1846 severi
1219 1771 1276 1846 illi

206 1969 209 1975 ,
241 1921 287 1972 ac
302 1893 466 1997 religiosi
482 1891 688 1968 Christiani
709 1891 855 1994 judaici
874 1919 936 1967 eos
959 1920 1082 1996 aeque
1106 1896 1277 1999 impuros

240 2019 438 2095 habebant
453 2034 572 2120 atque
591 2044 670 2105 eos,
698 2019 768 2120 qui
787 2019 883 2092 meri
905 2036 1016 2094 erant
1036 2019 1211 2120 gentiles,
1236 2037 1276 2096 et
1346 2021 1348 2025 ’

112 2159 114 2166 ’
239 2147 442 2222 arctiorem
455 2170 589 2220 eorum
603 2143 820 2220 societatem
832 2171 878 2219 ac
887 2143 1185 2220 familiaritatem
1193 2171 1275 2220 non

239 2271 368 2347 minus
389 2268 681 2355 aversabantur,
704 2294 823 2368 quam
842 2281 1058 2344 ceterorum
1073 2267 1269 2371 gentilum

240 2395 608 2490 (CtGal.2,12,13.)
1229 2407 1234 2416 '
1273 2395 1277 2398 ’

312 2519 345 2594 5.
371 2519 429 2592 Ex
451 2543 530 2620 quo
550 2517 799 2620 perspicuum
822 2514 884 2605 fit,
913 2543 985 2592 cur
1007 2533 1045 2590 et
1065 2515 1271 2593 Christiani

235 2641 383 2746 judaici
402 2671 425 2718 a
447 2642 592 2716 Jacobo
619 2643 880 2744 Hierosolyma
904 2640 1065 2744 delegati
1087 2631 1271 2722 commer-

237 2767 342 2842 cium
358 2753 448 2842 cum
463 2765 685 2840 Christianis
703 2766 951 2840 Antiochenis
970 2766 1176 2868 gentilibus
1194 2768 1269 2848 evi-

237 2891 411 2976 taverint,
424 2891 632 2964 etJacobus
642 2891 836 2992 ceterique
846 2891 1030 2965 antistites
1042 2893 1270 2966 coetusHie-
1348 2965 1350 2969 ,

236 3014 507 3118 rosolymitani,
523 3013 706 3117 asperiori
715 3015 772 3086 illi
780 3014 1092 3118 scholaeaddicti‚
1108 3018 1268 3106 aPaulo,

222 3133 359 3241 'quum
376 3138 559 3213 ultimum
571 3137 873 3238 Hierosolymam
884 3136 1062 3226 venisset,
1087 3165 1281 3242 poposce,

235 3263 329 3350 rint,
353 3279 399 3338 ut
415 3289 455 3338 se
469 3243 729 3337 sacerdotibus
749 3262 791 3336 in
807 3262 948 3365 templo
966 3261 1209 3339 lustrandum
1229 3281 1268 3339 et

233 3387 522 3492 purificandum
534 3387 723 3486 (ἁγνίζειν)
740 3388 951 3489 praeberet,
965 3387 1149 3493 nimirum
1160 3387 1265 3489 quod

230 3497 326 3588 curn
344 3511 417 3616 piis
439 3512 513 3586 illis
535 3509 757 3613 gentilibus,
784 3538 879 3612 quos
900 3510 1074 3589 homines
1096 3510 1268 3616 impuros
1364 3593 1370 3602 .

233 3634 448 3724 habebant,
467 3632 708 3718 familiariter
726 3625 878 3708 vixerat.
