2856 4694
567 161 570 174 *
659 207 707 272 aa

237 349 274 463 §-
289 375 353 454 ll.
383 384 534 496 Interea
549 381 655 458 Deus
668 381 835 458 remedia
850 385 1009 486 paravit,
1027 381 1079 460 ad
1092 411 1197 460 coer-

163 502 331 580 cendum
345 505 481 617 saltem
494 506 650 585 Diaboli
666 507 880 611 imperium.
1186 592 1188 600 ,
1257 507 1260 521 '

238 633 267 709 1.
296 631 498 708 Diluvium
529 633 635 708 Deus
667 634 708 710 in
740 612 882 712 terram
909 633 1083 720 immisit,
1116 659 1196 734 qtto

163 779 293 828 omnes
319 755 475 830 Diaboli
506 757 669 832 cultores
700 757 902 860 perierunt
927 773 967 834 et
991 757 1093 832 solus
1121 757 1196 832 Dei

163 881 289 954 cultor
311 881 520 979 (Noachus)
541 900 728 985 superstes
748 881 831 958 luit
870 884 1076 984 Postquam
1094 879 1196 956 dilu-

162 1006 268 1080 vium
286 1006 359 1080 hoc
380 1005 607 1094 defluxerat,
633 1009 738 1084 Deus
757 1035 848 1084 cum
864 1007 1024 1084 Noacbo
1038 1023 1198 1110 pactum

162 1130 252 1204 fecit
275 1131 424 1234 (foedus
451 1133 554 1232 icit),
585 1161 664 1236 qno
689 1134 724 1210 ei
744 1134 936 1238 promisit,
965 1159 1046 1208 uon
1069 1131 1197 1206 solum

159 1410 234 1489 ram]
256 1397 346 1470 habet
366 1406 542 1484 dominium,
568 1410 623 1468 nisi
642 1429 696 1488 per
716 1407 825 1467 calcem
846 1419 962 1470 sanctae
989 1397 1088 1490 partis.
1118 1407 1194 1488 [Hoc

159 1539 231 1580 vero
245 1513 465 1596 intelligendum
477 1515 531 1592 est]
550 1535 604 1594 per
617 1535 757 1574 arcanum
771 1517 902 1596 impurae
917 1517 1091 1598 cognitionis
1106 1515 1193 1598 [con-

122 1670 129 1682 t
160 1625 287 1701 cubitus,
303 1635 337 1682 ut
354 1620 466 1680 dictum
483 1620 552 1698 est]:
570 1622 708 1699 cognovit
722 1617 853 1680 Adamas
866 1621 976 1691 Evam3
993 1624 1099 1683 etenim
1118 1643 1193 1682 con-

160 1731 264 1793 cubuit
274 1733 311 1804 ei,
322 1749 414 1808 quum
422 1737 555 1806 separata
564 1737 641 1785 esset
650 1725 782 1806 [propter
789 1727 987 1806 impuritatem
992 1729 1195 1808 menstruaml,

161 1851 251 1918 atque
273 1832 322 1895 die
338 1835 470 1916 profesto
495 1833 555 1914 [ie.
571 1855 606 1894 eo
624 1835 689 1914 ipso
714 1845 798 1894 sexto
819 1829 882 1912 die,
908 1855 969 1916 quo
988 1845 1103 1896 coeatm
1124 1849 1196 1913 erat,

162 1965 258 2025 neque
276 1953 393 2003 noctem
409 1943 523 2024 septimi
539 1941 611 2020 diei,
629 1945 723 2003 sancti
737 1941 895 2022 sabbathi,
911 1945 1104 2025 exspectavit,
1119 1945 1196 2004 utin

165 2074 224 2133 quo
249 2052 346 2112 omnia
366 2051 489 2110 fuissent
508 2052 593 2132 pura]
618 2072 655 2111 ac
671 2053 804 2134 corrupit
821 2053 861 2110 ita
879 2049 960 2112 illam
982 2051 1092 2110 calcem
1118 2051 1130 2132 [
1133 2052 1196 2131 jam

160 2163 248 2241 igitur
267 2171 346 2240 patet
364 2172 462 2239 partes
481 2160 577 2220 viriles
600 2159 660 2222 hoc
680 2159 773 2222 v'erbo
794 2159 930 2242 intelligit
966 2159 1043 2222 Nam
1064 2171 1148 2222 antea
1169 2161 1195 2222 ei

160 2279 222 2328 erat
241 2263 391 2326 indusium
410 2265 483 2326 lucis
515 2270 630 2345 (ἾἸΝ),
653 2267 752 2328 velum
775 2289 811 2328 ac
834 2271 1039 2330 vestimentum
1060 2279 1195 2330 sanctum

159 2377 220 2458 [te.
248 2376 434 2458 praeputium
457 2385 519 2435 erat
543 2395 653 2456 purum
679 2376 890 2456 sanctumque}
927 2377 1054 2458 Propter
1075 2387 1193 2436 extem

159 2498 256 2545 autem
274 2486 332 2565 [ie.
343 2495 465 2565 propter
474 2487 632 2564 putamina,
645 2507 714 2544 nam
724 2497 883 2566 utrumque
892 2483 1017 2546 verbum
1026 2481 1106 2544 idem
1116 2482 1193 2543 valet

160 2617 186 2656 v.
199 2594 284 2673 infra]
303 2596 469 2653 nominatur
486 2593 693 2673 [praeputium]
711 2590 861 2653 indusium
877 2595 952 2653 cutis
967 2594 1074 2670 (W),
1090 2593 1121 2650 in
1131 2611 1192 2672 quo

159 2700 252 2762 verbo
271 2703 368 2760 insunt
382 2701 494 2760 litterae
513 2701 577 2767 ll'll
599 2699 629 2779 [i.
636 2721 659 2760 e.
672 2721 780 2760 nomen
791 2699 924 2760 Diaboli:
940 2697 1060 2778 Malus}
1087 2693 1134 2777 [ld
1148 2709 1193 2757 est

96 2789 98 2800 Ι
158 2807 310 2886 arcanum]
331 2803 369 2866 de
390 2805 496 2867 arbore
516 2807 690 2885 cognitionis
711 2805 783 2866 boni
804 2817 834 2867 et
855 2806 941 2883 mali,
971 2805 1012 2868 (le
1032 2823 1092 2886 qua
1110 2805 1192 2864 Deus

159 2925 303 2993 vetuerat,
323 2936 359 2974 ne
375 2912 457 2976 edite.
468 2912 507 2975 de
524 2937 574 2994 ea,
593 2936 666 2976 neve
681 2913 875 2978 commiscetc'
885 2915 999 2976 bonum
1013 2935 1083 2975 cum
1095 2913 1191 2984 malm

156 3045 228 3086 nam
248 3035 404 3103 antequam
426 3021 518 3082 homo
540 3035 729 3103 peccaverat,
751 3021 864 3082 bonum
883 3033 946 3082 erat
961 3031 1141 3102 separatum,
1163 3032 1194 3082 tt

156 3132 269 3192 Mum
290 3143 353 3190 arat
373 3140 556 3210 separatum,
578 3126 705 3210 ideoque
725 3149 844 3190 necesse
866 3141 925 3206 est,
944 3139 979 3188 ut
996 3149 1050 3209 per
1064 3140 1192 3188 mortam

155 3261 235 3301 nova
254 3241 425 3319 expurgatio
440 3237 498 3295 fiat.
529 3234 573 3294 Ac
592 3232 724 3294 studium
739 3235 815 3294 illius
833 3234 922 3294 calmi
938 3246 998 3313 est,
1016 3245 1053 3294 ut
1066 3254 1099 3294 ss
1115 3253 1190 3293 con·

156 3357 255 3434 servet
269 3366 325 3425 per
342 3344 524 3404 sanctitatem
540 3341 664 3420 [partem
682 3342 834 3421 sanctamJ,
855 3362 891 3400 ac
904 3343 1061 3402 sanctimtis
1081 3337 1190 3400 voluu-

155 3464 200 3513 tas
212 3463 266 3530 est,
278 3449 416 3512 scintillas
432 3449 601 3525 sanctitatis,
617 3468 693 3528 quae
702 3467 756 3528 par
770 3460 858 3528 caput
867 3450 1049 3529 putaminum
1061 3446 1189 3526 absorp-

84 3555 88 3567 “
156 3573 203 3620 tae
224 3570 306 3635 sunt,
328 3576 436 3618 eruere.
471 3552 567 3614 Malus
590 3567 635 3614 est
650 3551 725 3614 illud
745 3566 834 3636 caput
851 3553 940 3615 calcis
964 3555 992 3634 [i
1003 3575 1026 3616 e.
1044 3550 1188 3613 Diabolus

157 3680 202 3728 est·
216 3677 314 3747 ,caput
332 3676 365 3732 et
383 3673 488 3722 auctor
505 3653 608 3721 malae¹
620 3662 890 3742 concupiscentiae}
909 3695 951 3709 -
972 3658 1044 3721 Ideo
1065 3655 1187 3739 [dictum

156 3779 229 3856 est]:
251 3778 301 3835 Tu
319 3777 346 3834 ei
361 3777 391 3834 in
408 3771 520 3832 calcem
540 3771 636 3848 feries,
653 3773 780 3850 tempori
796 3770 873 3832 exilii
892 3771 920 3850 [ι
930 3792 952 3832 e
969 3767 1187 3846 hocaepraeseuti

157 3897 308 3966 tempore,
325 3905 385 3965 quo
400 3878 505 3942 ludaei
518 3882 549 3942 in
566 3880 654 3942 exilio
670 3879 798 3960 vivuntl,
817 3891 845 3943 ct
861 3880 911 3940 illa
923 3887 1052 3940 conterat
1067 3875 1121 3936 tibi
1133 3895 1186 3938 ca·

154 4005 228 4074 put,
242 4003 332 4076 caput
345 3991 483 4056 cortitum
502 3991 561 4070 [ie.
572 3991 735 4070 principem
748 3986 896 4048 malorum
910 3981 1098 4067 angelorum,
1112 3986 1185 4050 Dia-
