2872 4690
697 197 818 332 Jrss

335 393 450 508 §.52
464 422 561 524 'Hae
581 423 819 526 potissimum
848 423 1045 498 doctrinae
1070 439 1178 510 sunt,
1207 425 1300 524 qui·-

262 543 335 621 hus
355 545 467 622 Pauli
489 563 589 622 secta
610 575 632 622 a
653 545 817 649 judaicis
835 545 1058 622 Christianis
1076 547 1298 638 differebat3
1413 613 1415 626 Α

187 707 192 714 ·
261 670 355 746 alias
385 669 571 774 quasdam
600 670 889 769 controversias,
922 697 1089 773 quarum
1116 697 1196 747 una
1228 688 1297 758 est,

260 812 393 872 utrum
411 795 563 870 colendi
575 797 653 870 sint
668 796 812 900 angeli,
835 825 887 870 an
908 823 989 872 non
1007 795 1139 900 (hpoc
1155 803 1214 884 ts,
1231 796 1305 888 103'

259 928 318 1010 22,
333 933 364 1011 8,
380 953 420 1016 9;
440 921 529 999 Jud.
544 933 583 1016 83
607 922 730 1010 colu,
745 921 828 1021 ru),
853 921 920 996 hic
943 919 1293 1024 praetermittimus,

258 1073 383 1150 quum
395 1047 553 1124 minoris
566 1048 645 1124 sint
656 1049 851 1135 momenti,
871 1074 1000 1151 neque
1013 1047 1227 1152 quidquam
1240 1045 1298 1124 ad·

200 1211 203 1224 ·
257 1188 426 1247 nostram
439 1171 738 1276 disputationem
758 1172 913 1248 saciant

262 1395 264 1402 ἲ
327 1271 443 1385 ἕ55.
473 1301 505 1371 1.
531 1297 603 1373 Illa
621 1313 752 1373 autem
773 1295 821 1372 de
841 1297 922 1400 lege
939 1294 1172 1372 dissensione
1188 1286 1291 1372 inter

255 1424 365 1499 Pauli
399 1438 541 1498 sectam
573 1439 611 1498 et
638 1421 871 1497 Christianos
899 1419 1071 1526 judaicos
1104 1419 1287 1524 majorem

252 1549 486 1626 simultatem
504 1548 620 1624 fuisse
643 1565 829 1635 creatam,
855 1573 973 1648 quam
994 1573 1038 1621 ea
1061 1562 1158 1632 erat,
1185 1538 1286 1647 quae
1311 1597 1316 1608 ,

231 1673 355 1770 ,inter
384 1671 619 1748 Christianos
646 1669 819 1776 judaicos
846 1685 964 1772 atque
993 1670 1092 1773 ipsos
1119 1669 1285 1745 Judaeos

211 1799 214 1812 '
252 1795 530 1884 intercedebat,
553 1823 635 1870 non
659 1810 715 1868 est
739 1791 846 1896 quod
870 1793 1028 1868 mireris.
1066 1794 1164 1868 Nam
1183 1821 1284 1896 quae

250 1923 353 1998 inter
370 1921 536 1998 Judaeos
556 1937 595 1996 et
608 1919 840 1996 Christianos
856 1915 1027 2020 judaicos
1046 1935 1128 1994 erat
1141 1915 1286 1994 dissen-

248 2049 314 2136 sio,
334 2047 384 2124 ad
397 2049 517 2124 solam
537 2046 753 2122 doctrinam
770 2045 998 2149 pertinebat,
1022 2071 1152 2146 neque
1167 2069 1282 2120 usum

247 2311 303 2369 ie
332 2308 465 2368 Surrexit
492 2327 581 2368 senex
610 2304 732 2386 quidam
756 2326 793 2366 ex
834 2305 924 2370 ΜΠ
957 2307 1030 2370 *RD
1064 2305 1217 2372 stillim?
1248 2307 1279 2374 ll

246 2413 421 2476 umbraculo
437 2415 471 2473 tt
482 2413 625 2473 Simeonis
641 2423 670 2472 et
686 2409 773 2472 dixit:
798 2411 912 2490 Rahbi,
932 2409 1067 2474 ridemus
1083 2411 1196 2476 dictum
1214 2437 1279 2478 esse

246 2529 273 2600 (5
288 2523 364 2582 Mos.
375 2517 408 2596 4,
426 2521 501 2594 36.)ε
521 2520 567 2580 De
581 2518 666 2580 coelo
685 2531 714 2578 te
730 2519 799 2578 fecit
816 2517 926 2602 [Deus]
944 2515 1048 2581 audire
1068 2538 1165 2581 vocem
1184 2541 1278 2596 suam,

245 2641 278 2691 ut
296 2626 418 2708 doceret
428 2640 474 2705 te,
494 2639 524 2688 et
535 2629 565 2686 in
581 2639 660 2687 terra
677 2625 804 2688 ostendit
820 2627 873 2687 tibi
888 2630 985 2708 ignem
1004 2649 1092 2691 suum
1107 2633 1277 2712 maximum,

245 2752 276 2801 et
290 2735 406 2798 audiisti
426 2735 516 2798 verba
536 2735 613 2796 illius
634 2733 672 2796 de
691 2733 790 2798 medio
809 2739 882 2818 ignis
908 2737 981 2820 [hoc
1000 2735 1099 2799 dicere
1117 2739 1174 2800 sibi
1195 2740 1274 2802 vult:

242 2847 365 2928 legimus
387 2845 484 2906 Deum
507 2848 536 2905 in
554 2855 655 2906 monte
677 2845 756 2905 Sinai
779 2849 874 2930 ipswn
896 2845 1061 2926 loquentem
1081 2849 1159 2930 leges
1178 2851 1275 2931 Moysi

243 2951 376 3036 dedisse]
382 2976 389 3024 ;
418 2964 506 3034 atque
525 2953 583 3014 alio
601 2953 669 3015 loco
690 2954 772 3035 [num
789 2957 818 3014 in
833 2952 986 3015 Tahnud?
1007 2977 1032 3016 r.
1045 2958 1131 3039 infra]
1157 2957 1273 3021 audivi-

241 3083 308 3123 mus
327 3082 392 3122 eum
411 3061 530 3142 [Deum]
553 3061 706 3144 loquutum
729 3079 791 3120 esse
811 3080 876 3120 cum
894 3061 1026 3120 [sraela
1040 3077 1132 3146 parte
1147 3067 1273 3149 angelo-

195 3168 197 3175 ’
241 3189 309 3232 nun
325 3170 358 3254 [t
369 3191 393 3231 e.
405 3171 503 3230 Deum
519 3169 654 3231 Israelitis
669 3191 723 3250 per
735 3167 853 3251 angelos
868 3145 1110 3251 leges'dedisseJ,
1130 3193 1199 3233 nam
1210 3187 1273 3236 sta-

241 3290 360 3342 tuerunt
377 3279 423 3356 (ci
441 3276 536 3338 Tahn.
548 3286 629 3338 tract
641 3275 785 3356 Chagiga‚
806 3274 913 3352 secti,
934 3273 1002 3356 Ajin
1017 3276 1131 3354 Jaakof,
1152 3281 1272 3360 Tomi,

240 3387 372 3465 fotaoo,
390 3389 445 3460 4.):
468 3379 700 3464 unumquodque
720 3381 853 3460 verbum,
879 3379 962 3462 quod
984 3385 1052 3443 exiit
1075 3404 1112 3444 ex
1135 3407 1187 3466 ore
1209 3389 1271 3468 ejus

241 3494 328 3576 [Deip
349 3493 459 3552 factam
476 3503 521 3552 est
535 3490 665 3572 angelus,
681 3503 769 3572 atque
784 3490 844 3551 hoc
860 3489 934 3550 illud
950 3503 994 3552 est
1012 3499 1039 3570 (2
1047 3493 1123 3554 Mos.
1133 3493 1185 3574 10,
1200 3499 1271 3570 18.)ε

240 3601 369 3668 Cunctus
383 3596 510 3680 populus
524 3595 642 3656 videbat
656 3615 739 3657 voces
753 3597 872 3678 [quippe
886 3619 961 3680 quae
972 3619 1061 3660 voces
1073 3601 1166 3682 angeli
1176 3603 1271 3664 factae

239 3707 365 3788 essent]‚
392 3717 422 3767 et
443 3704 500 3766 alio
522 3702 591 3764 loco
613 3701 730 3782 (Pasa
750 3705 805 3777 12.)
820 3700 933 3763 dietmn
949 3716 1010 3765 est:
1041 3704 1138 3764 Semel
1151 3709 1269 3770 locuttts

239 3810 284 3875 est
298 3815 396 3890 Deus,
422 3807 483 3871 duo
502 3821 584 3887 sunt,
610 3831 687 3891 quae
703 3807 810 3870 audivi.
852 3807 933 3888 Quid
953 3823 997 3871 est
1020 3810 1098 3873 hoc?
1127 3815 1218 3893 [Tum
1234 3817 1268 3876 R.

239 3921 359 3981 Simeon
382 3917 435 3979 has
457 3915 531 3978 duas
551 3918 706 3977 sententias
729 3915 784 3978 sihi
802 3929 994 3998 repugnantes
1012 3917 1199 3984 cahbalistice
1218 3943 1269 4006 aas

237 4019 456 4105 interpretando
475 4024 551 4082 inter
572 4041 604 4082 se
628 4019 789 4100 conciliatJ.
