2872 4690
741 244 812 310 162

357 428 469 504 donis
499 421 726 500 coelestibus
750 417 975 521 viribusque
1006 418 1145 496 mundi
1172 417 1296 496 futuri

356 553 528 630 fruentes
554 547 609 646 [cf.
628 547 655 648 i.
671 552 730 633 69,
755 545 819 641 7.]‚
852 559 1022 620 tamena
1043 545 1128 620 Deo
1148 543 1296 622 defece-

231 683 233 691 ’
357 691 452 754 runt
473 672 669 774 [v.5‚1n.],
693 697 739 746 ac
755 668 866 772 quasi
885 668 1039 746 sibimet
1052 668 1142 774 ipsis
1154 669 1295 746 iterum

356 801 533 880 Messium
552 795 828 874 crucifixerunt
845 795 880 892 [i.
897 821 925 872 e.
943 824 961 867 a
977 803 1047 870 Deo
1064 802 1247 872 deficientes
1263 819 1296 870 et

355 937 397 1006 ad
430 928 559 1000 Diaboli
589 944 695 1022 partes
729 951 763 996 se
777 901 1015 996 'transferentes
1041 927 1096 1016 (ci
1124 923 1150 1022 ᾗ.
1168 929 1232 1010 Η,
1261 933 1293 1010 3,

354 1059 381 1158 d.
403 1059 460 1141 Η,
488 1062 520 1124 6.
544 1070 576 1124 et
597 1051 624 1150 i.
642 1054 720 1142 26.)
743 1067 903 1120 consortes
921 1075 955 1120 se
970 1053 1113 1120 iecerunt
1131 1046 1243 1144 culpae
1261 1067 1294 1120 et

351 1187 478 1256 suturae
498 1179 621 1272 poenae
639 1175 684 1274 (i.
699 1181 757 1260 io,
782 1178 844 1265 1.)‚
872 1199 968 1270 quam
988 1175 1143 1244 Diabolus
1162 1183 1293 1270 ejusque

352 1329 425 1400 pars
450 1331 490 1376 ex
513 1306 670 1374 occisione
687 1303 844 1383 Messias,
870 1325 929 1393 per
943 1301 1072 1370 Diaboli
1095 1300 1293 1376 voluntatem

353 1449 387 1503 et
405 1433 472 1500 vim
483 1433 567 1498 facta
584 1430 640 1517 (of.
659 1424 685 1523 l.
699 1430 756 1511 to,
774 1447 794 1506 4
815 1440 848 1492 et
867 1427 933 1512 5.),
960 1425 1020 1494 sibi
1039 1421 1290 1517 contraxerunt],

164 1616 173 1648 ,
198 1617 207 1649 ,
232 1617 241 1634 .
351 1553 444 1630 tales
457 1549 632 1628 homines
646 1547 697 1623 ad
709 1546 785 1620 Dei
799 1563 950 1654 partem
963 1546 1098 1623 reduci
1113 1573 1193 1622 non
1206 1571 1292 1650 pos-

348 1693 458 1763 sunt,
480 1673 567 1762 sed,
590 1672 650 1748 uti
677 1688 777 1746 terra
796 1670 925 1774 spinas
952 1697 998 1746 ac
1019 1671 1180 1747 tribulos
1201 1698 1290 1774 pro-

346 1801 489 1886 ferens,
516 1795 710 1901 reprobati
727 1794 911 1898 atquead
925 1795 1165 1872 exustionem
1181 1793 1289 1872 dam-

351 1925 433 2001 nati
459 1937 560 1998 sunt

346 2053 408 2128 De
424 2048 531 2126 vobis
553 2063 682 2122 tamen
698 2043 858 2120 meliora
879 2067 1076 2146 speramus
1096 2043 1145 2118 ob
1161 2044 1288 2146 pristi-

229 2237 237 2255 .
300 2219 303 2228 ·
348 2202 445 2251 num
465 2187 634 2248 vestrum
655 2169 730 2243 Dei
756 2168 946 2256 studium,
972 2213 1023 2230 -
1047 2193 1093 2242 ac
1117 2183 1286 2244 tantum-

346 2297 461 2376 modo
482 2296 677 2398 cupimus,
701 2306 745 2364 ut
764 2295 863 2364 idem
885 2294 1054 2364 studium
1075 2295 1288 2388 praestetis

348 2449 462 2520 usque
483 2425 538 2492 ad
547 2421 670 2514 finem
695 2419 803 2514 [hujus
825 2422 897 2488 aevi
916 2445 948 2488 v.
969 2425 1003 2502 5,
1033 2417 1102 2512 14]
1125 2422 1179 2488 ad
1191 2405 1287 2487 obti-

347 2549 513 2619 nendum
536 2544 786 2640 expletionem
808 2540 917 2640 (πρὸς
939 2541 1006 2624 τὴν
1028 2541 1286 2644 πληροφορίαν

345 2673 410 2754 τῆς
438 2665 601 2766 ἐλπίδος)
629 2667 712 2762 spei
735 2679 889 2765 uestrae
920 2666 974 2762 [de
1000 2668 1171 2737 obtinenda
1198 2674 1285 2758 regni

229 2863 235 2877 ,
347 2797 497 2866 Messium
513 2791 677 2886 societate]
693 2835 745 2850 -
769 2805 808 2862 et
824 2803 870 2863 ut
885 2787 984 2862 fiatis
998 2788 1205 2864 imitatores
1221 2817 1283 2866 eo-

257 2946 261 2953 ·
347 2945 453 3004 rum,
477 2915 547 3018 qui
569 2941 640 3019 per
659 2911 842 2989 fiduciam
861 2929 900 2986 et
920 2915 1173 2994 constantiam
1193 2943 1282 3019 pro-

345 3041 457 3118 missa
477 3042 578 3138 [regni
592 3044 745 3152 Messiani
763 3038 939 3134 civitatem]
963 3037 1190 3113 hereditant.
1219 3043 1283 3138 [Ita
1371 3129 1373 3134 Ι

344 3171 441 3258 igitur
463 3169 608 3260 pervenit
633 3168 767 3258 scriptor
790 3168 831 3232 ad
851 3166 989 3257 primum
1015 3167 1167 3259 epistolae
1185 3193 1282 3256 augu-

346 3310 504 3363 mentum:
530 3293 570 3358 de
591 3290 822 3382 perseverando
840 3289 873 3355 in
895 3287 983 3382 fida]

345 3411 564 3488 Abrahamo
590 3409 696 3483 enim
734 3425 891 3512 propter
921 3406 1003 3511 ejus
1030 3411 1283 3488 constantiam

345 3538 394 3637 (v.
420 3535 491 3634 15.)
520 3529 627 3609 Deu's
650 3530 905 3638 jurejurando
926 3559 997 3636 per
1014 3551 1132 3610 semet
1157 3535 1290 3638 ipsum

343 3659 633 3765 promissionem
644 3657 752 3732 illam
761 3659 814 3754 [de
822 3686 916 3748 regno
925 3663 1096 3752 Messiano,
1105 3662 1233 3760 oiddi,
1246 3663 1281 3757 3]

345 3781 587 3860 confirmavit
597 3775 599 3779 ’
609 3781 733 3876 (Deus
756 3781 862 3856 enim
879 3808 949 3886 per
962 3783 1083 3858 alium
1098 3782 1282 3888 majorem

347 3933 388 3987 se
410 3908 492 4011 ipso
515 3903 646 4009 jurare
667 3903 836 4006 nequit),

230 4108 237 4125 ,
344 4045 461 4135 atque
492 4030 566 4106 hac
591 4029 850 4133 promissionis
873 4053 964 4104 suae
992 4027 1282 4105 confirmatione
