2856 4716
744 243 826 310 258*

227 475 236 488 .
263 423 352 510 tur),
373 417 470 494 haec
487 417 650 520 inquam
664 443 733 507 res,
753 445 854 524 quae
871 423 1032 498 minime
1052 423 1212 502 fortuita
1229 434 1311 504 esse

171 637 181 652 .
260 545 677 653 poma-demonstrat,
703 573 831 620 unum
854 531 1106 663 eundemque
1128 569 1314 629 eventum

261 672 448 748 ambobus
469 669 562 745 locis
581 671 801 773 significari.
928 673 931 686 '

326 798 366 871 ,8.
389 787 526 891 'Quare
559 797 670 871 nulla
705 797 894 874 dubitatio
930 799 1027 876 mihi
1059 801 1309 924 relinquitur,

193 916 195 928 ’
259 921 358 1024 quin
376 920 465 994 illae
479 919 735 1023 Ephesiorum
754 923 890 996 turbae
906 922 980 998 hoc
997 942 1148 1000 nostrae
1164 928 1311 1030 episto

259 1047 318 1120 lae
334 1047 418 1120 loco
436 1059 794 1120 commemorentur.
847 1048 971 1150 Igitur
986 1049 1146 1162 lectores
1163 1053 1310 1202 episto-

123 1209 132 1224 ·
256 1178 317 1253 lae
343 1153 500 1274 Ephesii
524 1169 726 1247 fuerunt-

332 1273 454 1386 §.ffi
486 1301 518 1372 1.
545 1297 644 1372 Cum
662 1325 740 1398 qua
758 1298 949 1372 sententia
968 1325 1105 1390 omnes
1116 1300 1143 1378 ii
1161 1301 1306 1405 episto

199 1460 205 1512 t
255 1423 315 1498 lae
341 1424 437 1512 loci,
464 1449 534 1526 qur
523 1421 705 1524 vulgari
724 1421 900 1525 opinioni
928 1441 1163 1527 repugnant,
1187 1453 1305 1530 prae·
1342 1421 1344 1430 ¹

162 1566 164 1572 ’
254 1549 358 1636 clare
388 1545 645 1622 consentiunt

154 1657 157 1664 ¹
326 1679 360 1750 2.
388 1675 524 1776 Neque
541 1673 702 1747 lectores
717 1671 900 1774 epistolae
916 1699 1045 1774 neque
1064 1691 1201 1750 auctor
1218 1675 1303 1779 ejus

188 1837 191 1854 ·
251 1799 419 1875 Jesum
409 1824 537 1903 ipsum
561 1797 764 1874 docentem
788 1797 1015 1886 audierant,
1043 1797 1161 1900 igitur
1183 1825 1302 1902 argu-

250 1923 436 2020 mentatio
461 1923 546 2011 illa,
580 1948 659 2024 qua
691 1901 856 2034 scriptor
883 1921 1010 1996 utitur
1034 1922 1076 1997 in
1101 1949 1131 1998 c.
1148 1927 1191 2011 ἓ,
1216 1951 1248 1999 v.
1266 1937 1299 2012 3,

148 2069 158 2094 ⁸
214 2144 218 2154 Ι
249 2049 402 2126 nulldm
421 2031 588 2150 amplius
610 2045 792 2150 praebet
794 2045 1069 2121 difficultatem

322 2176 355 2248 3
382 2172 461 2246 Nec
478 2172 608 2246 minus
627 2171 744 2275 plana
761 2169 993 2258 redduntur,
1018 2197 1119 2272 quae
1133 2173 1300 2272 scriptor

248 2296 296 2384 de
318 2299 508 2373 lectorum
531 2295 789 2396 beneficentia
816 2301 862 2388 (c.
877 2303 911 2381 6,
935 2323 967 2368 v.
982 2295 1054 2396 ιο.)
1083 2293 1298 2374 honorifice

150 2467 166 2488 ·.
247 2421 357 2512 dicit,
384 2425 509 2525 quum
524 2437 663 2496 notum
681 2420 736 2494 sit
749 2435 878 2493 coetus
893 2417 1096 2518 gentilium
1114 2418 1296 2496 Christia-

246 2575 388 2622 norum
418 2546 471 2622 in,
486 2543 740 2630 Macedonia,
778 2542 940 2617 Graecia
969 2557 1009 2614 et
1029 2542 1117 2616 Asia
1135 2544 1294 2620 minore

245 2665 403 2748 auctore
427 2671 549 2746 Paulo
577 2668 799 2768 collationes
822 2665 955 2740 fecisse
972 2663 1023 2742 ad
1037 2667 1290 2742 sublevandos

244 2823 459 2916 ,pauperes
488 2811 730 2880 sanctorum,
775 2792 844 2896 qui
865 2792 1154 2898 Hierosolymae
1176 2807 1290 2870 sunt“

223 2915 227 2922 ’
262 2923 367 2997 Rom
389 2929 446 3011 15,
471 2933 525 2993 26.

244 2922 260 3022 (
316 3044 350 3118 li.
377 3040 476 3120 Cum
436 2922 657 3146 Epihesiis
666 3041 1067 3148 deniqueTimotheus
1082 3043 1287 3118 arctissima
1339 3083 1344 3102 ι

241 3163 502 3243 familiaritate
524 3164 757 3280 conjunctus
779 3182 879 3253 erat,
906 3193 1031 3268 quum
1047 3167 1212 3247 Paulum
1228 3193 1285 3252 co-

166 3347 168 3352 ·
199 3333 221 3342 ··
241 3292 382 3368 mitens
409 3315 490 3364 non
511 3288 638 3364 solum
661 3285 808 3363 diutius
834 3289 890 3363 ibi
914 3306 1170 3365 commoratus
1196 3307 1289 3365 esset

160 3509 162 3514 ¹
241 3416 375 3517 ibique
410 3413 621 3518 docuisset,
666 3413 879 3490 sedetiam
912 3416 1068 3492 ePauli
1099 3415 1337 3492 mandatis

175 3582 178 3592 ·
240 3555 394 3616 coetum
415 3523 672 3642 Ephesiorum
701 3537 837 3612 creatis
858 3541 1045 3648 magistris
1066 3557 1106 3614 et
1127 3541 1283 3615 seniori-

238 3665 312 3758 bus
330 3664 595 3753 constituisset,
621 3679 701 3740 ute
718 3663 843 3767 prima
853 3665 965 3740 Pauli
980 3663 1031 3743 ad
1038 3665 1282 3744 Timotheum

238 3790 398 3894 epistola
432 3805 602 3894 apparet
651 3789 814 3864 Minime
848 3790 966 3892 igitur
998 3791 1188 3866 absonum
1220 3803 1310 3896 est,¹

237 3915 486 3993 Timotheum
507 3914 797 3990 commemorari
823 3923 908 4012 (15,
928 3905 1018 4010 aa),
1044 3915 1284 4018 minimeque
