2856 4694
1210 241 1231 286 V

151 449 153 452 ·
182 433 284 520 opus
296 397 383 488 non
401 433 541 490 omnes
556 405 605 490 N.
615 405 663 486 T.
679 403 804 486 libros
820 371 1087 516 amplectitur,
1098 401 1233 515 ipsam

182 565 358 626 nostram
374 540 586 658 epistolam
602 539 791 624 intactam
805 537 980 652 reliquit.
1018 539 1233 624 Recentio-

77 711 81 720 “
181 707 258 783 res,
288 679 360 791 qui
384 681 436 762 de
460 679 671 794 disciplina
701 702 742 763 et
771 677 1032 794 opinionibus
1063 678 1232 792 judaicis

159 919 161 926 γ
181 817 470 926 disseruerunt,
491 821 705 902 maximam
720 843 875 934 partem
890 849 971 902 non
989 817 1065 932 ipsi
1080 843 1125 900 ex
1140 817 1232 900 sou-

76 990 103 1011 ·=
166 954 290 1040 ,tibus
311 955 480 1069 judaicis
504 957 742 1062 hauserunt,
768 955 838 1040 sed
855 954 1031 1070 plurima
1053 983 1106 1038 ex.
1118 956 1231 1069 prio-

178 1123 270 1178 rum
282 1093 407 1201 libris,
419 1093 716 1204 Eiseumengeri
728 1093 923 1208 inprimis,
935 1091 1230 1206 exscripserunt.

164 1232 293 1341 =Quia
322 1232 461 1344 igitur,
477 1217 592 1344 ¹quae
615 1261 661 1314 ex
684 1231 768 1314 istis
791 1229 1066 1346 protulerunt,
1098 1231 1231 1340 magni

177 1369 376 1484 momenti
404 1398 486 1452 esse
511 1399 595 1452 non
620 1389 862 1482 potuerunt,
892 1398 977 1453 non
997 1367 1231 1451 mirandum

177 1530 250 1615 est,
265 1508 379 1622 quod
400 1505 525 1590 hodie
533 1505 623 1590 Viri
638 1506 749 1590 docti
764 1505 907 1590 littaris
922 1503 1090 1618 judaicis
1107 1507 1151 1588 iu
1165 1506 1231 1623 in·-
1254 1514 1258 1539 ¹

180 1645 444 1762 terpretandis
465 1646 514 1730 N.
522 1647 572 1730 T.
583 1645 698 1760 libris
714 1675 800 1728 non
814 1673 997 1754 magnam
1014 1646 1231 1729 auctorita-

126 1781 146 1850 ’-
180 1805 262 1868 tem
280 1786 480 1886 tribuunt.
508 1784 627 1890 Quae
640 1799 771 1894 quum
788 1783 844 1865 ita
857 1781 952 1885 sint,
974 1781 1104 1864 fontes
1120 1783 1231 1866 adire

181 1921 330 2026 malui,
360 1951 486 2033 quam
513 1921 557 2002 in
571 1919 857 2028 consectandis
889 1918 1063 2068 aliorum
1092 1919 1232 2006 rivulis

11 2121 62 2186 ,-
141 2081 345 2185 :tempus
365 2082 499 2144 terere·
579 2150 585 2165 Ι
655 2107 657 2116 ’

197 2197 314 2280 ln
331 2197 542 2282 refutanda
558 2195 710 2324 vulgari
733 2197 785 2281 de
805 2195 1021 2282 le'ctorihus
1042 2193 1231 2310 epistolae

132 2399 135 2404 ·
180 2337 374 2494 opinione
388 2324 433 2422 ex
445 2339 531 2451 ejus
543 2340 721 2454 patronis
735 2335 918 2478 Hugium
934 2335 1032 2445 elegi
1047 2333 1232 2419 adversa-

11 2583 13 2594 ,
173 2477 369 2634 -riumque
391 2468 517 2559 rnihi
511 2476 727 2592 proposui,
752 2479 849 2588 quia
869 2463 945 2590 pro
968 2477 1118 2560 sincera
1138 2476 1231 2562 vul-

11 2689 12 2692 ,
117 2717 119 2720 Ι
180 2617 261 2726 gari
276 2617 480 2731 opinione,
497 2645 616 2728 equa
635 2614 801 2698 lectores
817 2613 1023 2698 Hebraeos
1038 2614 1231 2698 Hieroso-

12 2757 13 2766 '
147 2820 150 2826 .
180 2752 396 2862 lymitanos
414 2781 495 2836 esse
515 2773 680 2866 putant,
708 2753 812 2836 inter
833 2779 973 2852 omnes
989 2753 1231 2837 validissime

179 2892 463 3004 propugnavit,
432 2871 867 3004 sargumenta,‘quae
897 2891 950 2974 ad
972 2923 1061 2975 eam
1082 2893 1231 2982 confir-

146 3102 149 3109 ,
180 3029 373 3132 mandam
394 3029 564 3144 proferri
585 3049 772 3142 possunt,
801 3027 1089 3156 dilucidissime
1108 3060 1231 3144 expo-

165 3151 278 3251 ¹nens
316 3189 437 3280 atque
473 3166 794 3282 splendidissime
829 3197 1029 3252 exornans
1095 3168 1230 3276 Quem

12 3352 16 3426 ζ
180 3307 329 3390 Virum
362 3335 447 3396 non
477 3303 821 3389 contemnendum
850 3305 1121 3390 adversarium
1150 3336 1231 3390 esse

11 3473 12 3490 ¹
128 3557 130 3560 Ι
182 3445 365 3555 dixerim,
391 3475 524 3560 neque
545 3444 642 3572 leyis
663 3444 774 3560 apud
797 3475 862 3528 me
882 3446 967 3586 ejus
992 3445 1114 3530 verba
1138 3467 1233 3528 sunt

180 3584 388 3711 ponderiS,
406 3586 531 3703 eique
539 3585 583 3672 in
598 3584 684 3669 aliis
697 3584 879 3668 multis”
853 3615 981 3698 nsque
996 3586 1232 3696 gravissimis
1344 3685 1346 3696 Ι

127 3739 128 3753 ’
180 3721 300 3805 rebus
329 3721 500 3840 plenum
528 3753 730 3807 assensum
759 3723 918 3829 tribuo,
947 3725 1061 3806 utin
1092 3753 1232 3844 repro-

14 3856 18 3877 '
128 3913 133 3920 ae
156 3879 160 3884 ’
179 3851 319 3944 bando
330 3860 413 3968 rllo,
426 3857 540 3974 quod
549 3882 784 3944 recentiores
792 3860 868 3942 s1b1
878 3860 1087 3968 finxerunt
1101 3863 1279 3944 archi-

118 4048 121 4054 ·
180 3999 385 4112 evaugelio
409 4031 493 4084 non
518 4001 659 4118 litteris
686 3993 878 4083 mandato
903 3997 973 4082 sed
996 4028 1064 4081 ore
1084 4029 1233 4114 propa·-
